2008 3262
756 266 930 298 ANDBIA
949 266 988 297 P.
1010 265 1220 297 mmmm.
1750 250 1775 292 7
1778 249 1805 290 9

465 652 626 696 ACTU
628 651 657 695 S
678 650 938 695 SECUNDI
957 649 1191 693 SCAENA
1211 648 1501 692 SECUNDA.

618 775 782 808 DAVOS.
811 775 1017 807 CHARJNV
1020 774 1054 806 S.
1083 773 1356 805 PAMPHILVS.

222 880 309 948 Qa.
339 880 402 923 Di
421 879 538 935 boni,
556 878 662 921 bom'
683 859 788 936 quid
806 883 952 936 porto:
984 876 1061 919 sed
1079 875 1157 919 ubi
1175 875 1396 918 inueniam
1413 874 1699 931 Pamphilum,

221 949 282 992 Vt
296 955 456 991 metum
469 947 515 989 in
531 961 617 1004 quo
632 948 749 989 nunc
763 953 828 988 est
842 945 1030 988 adimam
1045 951 1175 1002 atque
1192 943 1389 1001 expleam
1404 943 1596 985 animum
1610 944 1770 1000 gaudio
1780 944 1803 986 ?

224 1016 296 1060 Ch.
324 1017 488 1059 Laetus
515 1021 581 1058 est
607 1015 753 1058 nesci&
780 1013 897 1072 quid.
936 1013 1017 1055 Pa.
1046 1012 1121 1055 Nil
1147 1018 1232 1055 est:
1261 1013 1350 1055 nen
1377 1011 1482 1054 dum
1499 1011 1607 1054 haec
1625 1012 1804 1055 resciuit

979 1080 1104 1124 mala.

1718 1083 1802 1120 340

218 1152 306 1195 Da.
338 1152 480 1206 Quem
501 1154 582 1208 ego
601 1165 719 1194 nunc
739 1150 881 1206 credo,
902 1151 940 1192 sl
959 1150 1047 1191 iam
1067 1149 1253 1192 audierit
1267 1148 1352 1190 sibi
1365 1154 1540 1206 paratas
1553 1149 1728 1206 nuptias

161 1237 180 1262 ⁵
223 1219 297 1263 Ch.
326 1220 477 1263 Audin
495 1226 545 1262 tu
563 1219 714 1262 illum?
754 1218 842 1259 Da.
872 1217 982 1260 T6t0
1003 1232 1071 1259 me
1092 1217 1250 1274 oppido
1271 1217 1565 1259 exanimatum
1583 1219 1801 1273 quaerere.

221 1288 308 1331 Sed
333 1288 411 1330 ubi
439 1302 644 1346 quaeram
670 1292 747 1330 aut
777 1288 862 1344 qud
889 1300 1005 1328 nunc
1031 1286 1218 1343 primum
1241 1284 1491 1327 intendam?
1540 1283 1612 1326 (JIz.
1645 1284 1801 1327 Cessas

209 1516 396 1548 Zweiter
411 1514 508 1555 Act,
526 1514 680 1545 zweite
698 1515 834 1546 Scene
852 1512 950 1554 [nach

161 1561 422 1594 Fleckeisen
440 1550 562 1592 dritter
577 1559 653 1600 Aet,
682 1561 800 1591 zweite
818 1558 950 1599 Scene1.

162 1609 283 1639 Davus
307 1607 425 1647 bringt
443 1609 522 1646 gnte
545 1606 742 1643 Buta-‘hafn
775 1605 890 1636 indem
914 1614 951 1635 er

163 1653 339 1685 bestimmt
363 1662 404 1683 zu
419 1653 543 1683 wissen
559 1651 760 1691 behauptet,
787 1651 872 1681 auch
888 1651 951 1681 mit

165 1699 330 1730 Griinden
360 1698 453 1729 diese
479 1698 707 1737 Behauptung
733 1698 950 1733 unterstiitzt,

163 1746 243 1775 dass
269 1743 432 1775 Chremes
462 1743 662 1783 Pamphilus
690 1743 785 1773 aeine
803 1742 951 1773 Tochter

163 1790 259 1821 nieht
282 1790 380 1820 mehr
402 1798 462 1819 zur
480 1789 599 1819 Gattin
621 1787 732 1828 geben
756 1789 857 1819 wolle
881 1787 950 1818 und

165 1835 244 1865 daus
262 1835 354 1866 Simo
371 1833 474 1864 keine
491 1833 671 1864 Anstalten
688 1843 730 1863 zu
748 1834 809 1863 der
829 1842 951 1872 vorge-

165 1881 319 1920 gebenen
342 1878 513 1909 Hoehzeit
534 1879 664 1911 maehe.
707 1879 871 1909 Dadurch
895 1887 951 1917 ge-

165 1926 271 1956 winnt
294 1925 380 1956 auch
395 1924 560 1955 Charinus
585 1933 670 1954 neue
687 1924 861 1963 Hoffnung
882 1923 952 1954 und

163 1971 313 2002 entfernt
336 1970 410 2001 sich
435 1970 497 2000 auf
508 1967 639 2000 Davus'
655 1969 761 2006 Rath,
785 1979 841 1999 um
863 1978 949 1999 neue

162 2018 448 2055 Austrengungen
479 2025 520 2045 zu
555 2015 697 2046 macheu
708 2038 716 2054 ,
746 2015 950 2045 Philumena

163 2071 223 2092 zur
241 2061 360 2092 Gattin
378 2070 420 2091 zu
438 2061 602 2091 erhalten.

207 2107 248 2140 V.
266 2107 298 2138 2.
316 2107 371 2137 Ut
386 2109 561 2146 metum,
578 2106 622 2136 in
640 2115 720 2145 quo
735 2114 846 2135 nune
863 2108 947 2145 est,

163 2152 349 2183 adimam
377 2149 457 2193 etc]
513 2152 578 2182 Um
608 2151 816 2190 wenigstens
850 2151 949 2181 einen

164 2198 264 2228 'rheil
289 2198 350 2228 des
368 2199 504 2228 Wortes
527 2200 641 2226 metum
663 2197 699 2227 in
723 2197 777 2227 die
802 2196 948 2227 vex-she-

164 2242 259 2281 bung
272 2252 315 2272 zu
327 2242 482 2281 bringen,
500 2242 619 2273 stellte
633 2242 661 2272 Β
673 2251 720 2272 en
729 2242 761 2272 tl
774 2251 822 2281 ey
838 2251 949 2281 gegen

165 2288 220 2318 die
236 2288 315 2318 Hes.
338 2288 407 2317 und
422 2286 780 2317 Gfammatikereitate
805 2294 881 2317 um:
914 2290 949 2319 ut

164 2336 287 2371 metum,
306 2341 367 2371 quo
382 2332 417 2362 iu
431 2340 514 2362 nuno
528 2336 584 2367 est,
600 2331 748 2362 adimcmi.
766 2332 831 2362 Mit
838 2332 949 2363 Recht

163 2378 211 2409 ist
225 2377 295 2408 ihm
311 2377 476 2408 Niemand
495 2377 634 2417 gesolgt.
659 2377 725 2407 Die
738 2386 806 2407 von
819 2378 847 2407 Β
858 2381 949 2407 ent-

165 2424 234 2463 ley
267 2431 481 2463 angezogene
514 2422 619 2453 Stelle
652 2431 714 2453 aus
745 2419 947 2453 Plautus’

167 2467 258 2498 C‘urc.
271 2469 330 2499 IV.
351 2470 381 2508 1,
399 2469 418 2498 6
437 2467 546 2506 (467).
577 2466 823 2498 Gonnwnstrabo
838 2477 900 2507 quo
914 2467 949 2498 in

164 2523 314 2553 quemque
329 2512 599 2553 hominemfaeilc
611 2512 782 2543 inveniatis
794 2513 874 2544 loco.
891 2513 948 2544 be-

165 2561 239 2599 legt
263 2559 318 2590 die
341 2559 592 2598 Nachstellung
611 2568 678 2589 von
700 2558 735 2588 in
762 2558 876 2598 nieht,
906 2559 950 2589 da

164 2605 253 2635 noch
268 2603 334 2635 loco
349 2604 446 2644 folgt,
463 2604 532 2634 und
547 2604 653 2635 findet
669 2604 755 2634 auch
767 2607 864 2635 sonat
876 2604 950 2635 ihre

166 2648 352 2688 Analogie,
376 2650 439 2680 wie
455 2649 491 2679 in
509 2650 570 2681 der
589 2649 659 2679 Lex
675 2649 818 2680 cornelia
835 2648 875 2680 de
891 2649 956 2679 XX

166 2693 384 2732 quaestoribus
402 2694 427 2724 1.
446 2695 499 2724 33.
532 2695 660 2734 QUAM
682 2695 729 2725 IN
754 2695 948 2734 QU1SQUE

167 2738 409 2770 DECURIAM
450 2739 526 2769 ITA
565 2740 736 2770 VIA'I'OB
775 2740 949 2771 LECTUS

168 2785 284 2815 ERIT.
319 2784 359 2814 el.
384 2784 430 2815 ib.
447 2784 501 2814 36.
531 2783 659 2822 QUAM
680 2785 728 2815 [N
752 2785 949 2823 QUISQUE

166 2829 407 2861 DECURIAM
447 2828 521 2858 ITA
552 2828 735 2860 PRAECO
773 2830 949 2861 LEOTUS

167 2875 284 2906 ERIT.
317 2876 372 2905 41.
391 2873 518 2912 QUAM
533 2873 581 2903 IN
597 2873 791 2912 QUISQUE
809 2874 948 2905 DECU-

167 2920 279 2951 RIAM
292 2919 453 2951 EORUM
468 2919 530 2949 EX
541 2917 634 2949 HAG
645 2918 769 2949 LEGE
779 2919 949 2951 le'rOR

168 2964 343 2997 LECTUS
374 2964 491 2995 ERIT.
524 2964 568 2994 el.
590 2963 636 2995 ib.
661 2964 702 2993 11.
722 2964 752 2994 5.
778 2973 810 2994 u.
834 2965 876 2995 11.
894 2966 948 2996 27.

169 3009 263 3049 QUA
282 3010 332 3041 m
352 3009 547 3048 QUlSQUE
571 3008 773 3040 DECURIA
797 3009 890 3040 EST.
914 3011 948 3040 in

979 1353 1183 1411 adloqui?

1019 1513 1089 1543 Th.
1102 1508 1371 1544 Mommsen's
1387 1511 1804 1552 Cominscrfiammiqv.

1020 1556 1151 1600 (Berol.
1172 1556 1274 1600 1863)
1292 1568 1324 1598 p.
1345 1559 1409 1588 108
1427 1567 1479 1597 sq.

1065 1604 1107 1634 V.
1131 1605 1162 1636 3.
1214 1604 1373 1635 Laetus
1406 1607 1470 1634 est
1502 1603 1652 1634 nescio
1685 1604 1800 1644 quid]

1020 1648 1160 1689 Adelph.
1179 1650 1204 1680 1.
1224 1651 1254 1688 1,
1273 1650 1316 1679 54
1333 1647 1414 1690 (79).
1447 1649 1564 1679 Nescio
1585 1648 1664 1687 quid
1683 1649 1802 1680 tristem

1019 1693 1122 1726 video.
1154 1695 1240 1726 Eun.
1257 1695 1316 1725 111.
1334 1696 1372 1733 5,
1391 1696 1410 1725 7
1429 1691 1538 1736 (555).
1571 1693 1649 1732 quid
1669 1695 1802 1735 gentiam

1020 1745 1076 1771 aut
1091 1740 1169 1779 quid
1185 1741 1290 1771 laetae
1304 1739 1373 1771 σι’πι.
1397 1750 1428 1771 ιι.
1445 1741 1515 1779 vgl.
1531 1743 1635 1770 unten
1653 1750 1695 1771 zu
1712 1741 1752 1772 V.
1771 1744 1801 1780 1,

1021 1787 1076 1818 22.
1108 1786 1300 1825 Uebrigens
1321 1786 1372 1816 sei
1394 1786 1569 1824 hemerkt,
1594 1786 1672 1817 dass
1696 1786 1801 1817 durch

1021 1829 1198 1862 Charinus’
1224 1831 1294 1861 und
1311 1828 1519 1870 Pamphilus’
1540 1831 1634 1861 Rede
1649 1832 1718 1861 und
1737 1832 1802 1862 Ge-

1022 1877 1170 1917 genrede
1190 1876 1244 1907 bis
1268 1886 1310 1906 zu
1331 1876 1370 1906 V.
1390 1877 1408 1905 7
1433 1874 1565 1907 Davus’
1587 1876 1682 1907 Rede
1713 1887 1803 1908 zvar

1020 1924 1074 1953 fiir
1107 1922 1168 1952 das
1200 1922 1381 1952 Publieum
1412 1921 1683 1960 unt-erbroeIxen,
1718 1922 1801 1952 aber

1017 1968 1110 1998 nieht
1126 1967 1391 2006 abgeschnitten
1406 1967 1510 2002 wird,
1536 1966 1685 1997 sondem
1702 1967 1800 1997 ihren

1018 2014 1163 2053 ruhigen
1179 2013 1357 2052 Fortgang
1373 2013 1508 2052 nimmt,
1525 2012 1696 2043 wesshalb
1715 2014 1801 2043 auch

1017 2059 1058 2090 V.
1077 2060 1109 2089 4.
1126 2067 1216 2098 quem
1235 2068 1322 2098 ganz
1338 2058 1509 2089 natiirlich
1526 2058 1586 2088 auf
1600 2058 1801 2097 Pamphilus

1016 2104 1271 2135 zuriickweiset.

1063 2150 1102 2180 V.
1122 2151 1152 2180 6.
1185 2150 1266 2181 Sed
1298 2148 1369 2180 ubi
1395 2157 1597 2187 quaeram
1622 2151 1696 2179 aut
1722 2159 1799 2188 quo

1016 2204 1128 2226 nune
1160 2193 1437 2232 intendam?]
1470 2195 1524 2224 Da
1548 2194 1740 2234 Bentley
1764 2196 1800 2225 in

1016 2241 1114 2272 sechs
1131 2241 1246 2272 seiner
1258 2241 1350 2280 Hss„
1367 2240 1475 2270 denen
1493 2240 1567 2270 sich
1584 2240 1670 2270 auch
1689 2240 1799 2279 einige

1017 2287 1144 2317 andere
1175 2286 1430 2324 ausehliessen,
1477 2289 1534 2314 aut
1571 2285 1666 2315 nicht
1709 2286 1800 2324 rand,

1018 2331 1153 2363 sehrieb
1172 2341 1208 2362 er
1226 2332 1271 2361 im
1288 2331 1471 2370 folgenden
1488 2331 1596 2360 Vei-se
1613 2330 1715 2361 habeo
1730 2331 1800 2361 und

1017 2377 1172 2407 verband
1190 2377 1245 2407 die
1262 2377 1400 2407 Worte:
1425 2385 1486 2414 quo
1501 2385 1585 2406 nune
1595 2375 1737 2414 primvm
1752 2375 1801 2407 in-

1017 2421 1146 2452 tendam
1161 2421 1276 2459 habeo,
1301 2422 1336 2452 in
1354 2421 1454 2452 einen
1471 2421 1561 2452 Satz.
1594 2421 1661 2451 Die
1679 2421 1801 2453 Unter·

1016 2467 1193 2507 brechung
1216 2467 1331 2498 wiirde
1356 2476 1395 2497 so
1417 2467 1495 2497 sehr
1517 2467 1669 2506 unzeitig
1694 2467 1799 2498 durch

1018 2512 1195 2544 Charinus’
1213 2513 1347 2543 Worte:
1367 2511 1480 2542 Ces-§aa
1494 2511 1652 2551 adloqui?
1679 2512 1802 2543 eintre-

1019 2563 1096 2599 ten,
1122 2558 1208 2588 auch
1232 2558 1293 2589 der
1308 2559 1431 2589 Zusatz
1447 2567 1531 2587 mmo
1544 2558 1681 2596 primum
1703 2558 1736 2587 in
1746 2558 1799 2596 je-

1018 2613 1084 2635 nen
1106 2604 1248 2635 Worten
1277 2604 1377 2634 kaum
1406 2604 1556 2642 zuliiseig
1585 2603 1669 2634 sein.
1711 2603 1801 2633 Ehe:-

1018 2650 1135 2680 wiirde
1150 2659 1229 2680 man
1247 2652 1406 2680 erwartet
1422 2649 1550 2680 haben:
1585 2648 1677 2677 Nunc
1701 2647 1802 2677 habeo

1018 2704 1080 2734 quo
1098 2695 1236 2734 primum
1257 2694 1422 2725 intendam
1441 2695 1524 2724 oder
1548 2693 1624 2723 eine
1641 2693 1800 2723 §huliehe

1019 2741 1212 2780 Wendung.
1251 2740 1427 2770 Desshalb
1451 2739 1545 2769 halte
1570 2738 1624 2767 ich
1646 2738 1710 2767 mit
1734 2737 1799 2767 den

1018 2790 1179 2816 neuesten
1203 2784 1467 2823 Herausgebern
1496 2784 1550 2813 die
1580 2791 1647 2812 von
1671 2783 1799 2813 Faer-

1018 2822 1097 2862 xius
1122 2831 1209 2860 ohne
1232 2829 1462 2867 Abweichung
1492 2837 1552 2858 aus
1580 2827 1699 2858 seineu
1718 2827 1799 2859 Hes.

1017 2875 1235 2906 iiberlieferte
1246 2875 1371 2905 Lesart
1386 2874 1462 2904 fest.
1476 2889 1520 2894 —
1532 2872 1646 2903 Ueber
1660 2873 1724 2904 den
1740 2873 1799 2904 nb-

1018 2921 1152 2952 eoluten
1172 2919 1353 2950 Gebraueh
1370 2928 1437 2948 von
1452 2917 1619 2948 intendam
1634 2920 1706 2959 νει.
1724 2918 1769 2950 ci
1782 2936 1798 2942 -

1017 2974 1118 2997 cero
1144 2963 1213 2995 Cat.
1231 2965 1258 2996 Ι.
1278 2965 1340 3003 12,
1355 2965 1410 2995 30.
1441 2963 1481 2994 de
1497 2967 1577 2996 orat.
1593 2964 1618 2994 1.
1637 2965 1702 3003 30,
1721 2966 1797 2996 135.

1018 3011 1059 3041 11.
1076 3011 1132 3049 49,
1152 3010 1228 3039 179.
