2008 3262
766 232 941 263 ANDRIA
959 233 999 264 P.
1020 232 1230 264 ΤΕΒΕΝΤῙ.
1763 220 1818 264 67

241 343 322 386 Ρα.
354 343 464 398 Quis
491 342 563 386 hie
589 343 809 402 loquitur?
856 344 1014 402 Mysis,
1041 344 1172 388 salue.
1228 345 1316 402 My.
1348 344 1387 388 O
1418 345 1554 401 salue,
1581 344 1817 403 Pamphile.

1000 413 1080 456 Pa.
1112 414 1232 468 Quid
1251 413 1368 470 agit?
1401 413 1497 469 'Mu
1528 413 1702 470 Rogas?

240 479 432 522 Laborat
452 494 476 521 e
495 479 655 535 dolore,
675 485 806 538 atque
827 495 882 522 ex
902 480 984 524 hoc
1002 483 1161 524 misera
1180 481 1416 536 sollicitast,
1436 481 1551 524 diem

242 548 359 601 Quia
379 547 480 590 olim
498 548 545 590 in
561 546 676 590 hune
697 554 797 590 sunt
815 549 1074 592 constitutae
1094 551 1288 607 nuptiae:
1309 555 1401 592 tum
1420 556 1564 592 autem
1584 549 1666 599 hoe
1684 550 1820 604 timet,

184 631 218 657 ³5
244 615 311 657 Ne
330 615 504 658 deseras
525 630 582 658 se.
622 615 701 658 Pa.
730 616 856 671 Hem,
877 631 1015 672 egone
1033 619 1146 660 istuc
1161 619 1308 660 conari
1331 618 1515 675 queam?

1736 621 1819 658 270

241 683 371 739 Egon
390 686 564 741 propter
582 698 651 726 me
669 683 789 726 illam
810 684 952 742 decipi
970 685 1172 727 miserum
1192 686 1343 741 sinam,

243 751 367 804 Quae
384 751 491 793 mihi
510 766 633 794 suom
651 752 842 794 animum
861 758 991 810 atque
1011 754 1181 795 omnem
1200 754 1336 796 uitam
1356 753 1566 796 credidit?

243 819 387 872 Quam
407 834 487 876 ego
508 820 652 862 animo
672 820 846 876 egregie
868 822 1013 863 earam
1031 835 1110 878 pro
1131 814 1268 863 uxore
1288 821 1527 877 habuerim,

242 887 362 930 Bene
381 889 424 930 et
442 887 599 945 pudice
619 888 710 930 eius
731 887 906 930 doctum
925 895 1055 946 atque
1076 889 1279 932 eductam
1300 891 1438 933 sinam

186 1025 304 1055 illuc
326 1023 594 1064 impellitur]
625 1024 686 1056 hue
701 1024 753 1055 vel
765 1024 853 1063 illue,
876 1025 971 1056 nicht

184 1070 246 1100 huc
261 1068 350 1108 illuc,
370 1070 415 1101 ist
431 1070 506 1101 hier
524 1071 578 1101 die
590 1070 756 1110 bezeugte
770 1071 892 1102 Lesart
910 1072 971 1102 der

185 1115 319 1146 alteren
333 1115 413 1146 Hes.
425 1139 434 1156 ,
460 1116 546 1146 auch
565 1116 756 1147 Donatus
772 1126 814 1146 zu
829 1115 968 1154 Adelph.

184 1161 246 1191 111.
260 1162 294 1199 4,
309 1162 383 1202 24„
402 1161 462 1192 der
475 1161 540 1192 den
556 1161 643 1192 Vere
661 1162 792 1200 eitiert,
810 1162 891 1192 lieet
910 1161 969 1191 hue

183 1205 236 1236 vel
259 1205 348 1237 illuc.
375 1207 443 1237 Die
460 1206 684 1246 Verbindung
707 1207 770 1237 mit
789 1206 850 1236 huc
875 1210 969 1244 atque

183 1249 277 1291 illue,
301 1252 362 1280 huc
378 1255 407 1280 et
422 1251 503 1281 illuc
528 1252 573 1283 iet
589 1252 760 1290 hiufiger,
786 1251 875 1282 doeh
893 1254 970 1290 sagt

187 1295 342 1327 Celeus
360 1296 432 1327 Vll.
450 1297 479 1335 7,
497 1297 528 1327 3.
545 1306 630 1336 ganz
647 1297 779 1335 gleich:
808 1296 903 1327 simul
919 1300 968 1326 at-

185 1351 246 1380 que
271 1340 370 1380 digito
389 1341 450 1372 huc
473 1341 524 1372 vel
546 1342 626 1372 illuc
647 1341 882 1380 impellunmr„
905 1342 969 1372 wie

187 1387 344 1417 derselbe
367 1387 451 1417 auch
477 1387 539 1417 hue
557 1386 676 1418 illucve
698 1390 775 1427 eagt
791 1388 846 1418 VI.
865 1388 896 1427 6,
914 1388 967 1419 36.

185 1432 265 1472 Vgl.
279 1431 319 1462 F.
336 1432 459 1462 Hand
481 1431 618 1463 Tursell.
635 1433 691 1463 111.
701 1441 734 1471 p.
746 1433 823 1463 106.
839 1448 885 1454 —
901 1433 967 1463 Die

186 1477 292 1510 sache
307 1477 512 1518 anlangend,
524 1486 562 1508 so
575 1477 704 1517 sprieht
717 1478 864 1519 ahulieh,
879 1479 968 1508 doeh

186 1522 269 1553 aber
290 1523 357 1553 wol
382 1523 477 1553 nieht
498 1523 534 1553 in
558 1523 805 1563 Naehahmung
829 1532 969 1554 unser-er

189 1568 311 1606 Stelle,
339 1567 523 1599 Ovidius
541 1567 666 1598 Metam.
685 1568 728 1599 X.
746 1568 813 1599 375
830 1578 880 1608 sq.
913 1568 968 1599 Sic

187 1612 313 1643 animus
327 1612 420 1643 vario
441 1612 622 1653 labefactus
636 1612 761 1650 volnere
777 1617 868 1644 nutat
894 1614 969 1644 Huc

188 1657 266 1689 levin
277 1662 374 1697 atque
389 1657 468 1689 illuc
483 1662 703 1697 momentaque
718 1659 812 1689 sumit
826 1663 967 1699 utroque.

233 1738 273 1768 V.
297 1738 352 1769 32.
385 1734 507 1776 ‘Quis
530 1737 602 1768 hic
623 1738 864 1777 loquitur?:
893 1739 970 1769 Hoc

188 1792 317 1823 seeum3
345 1782 468 1813 deinde
485 1791 678 1821 conversus,
695 1787 732 1814 ut
747 1784 853 1814 vidit:
880 1785 944 1823 My
955 1799 969 1806 -

188 1829 263 1867 eie,
296 1825 441 1858 salve!
482 1827 708 1860 DONATUS.
748 1827 795 1859 ‘O
826 1830 968 1869 salve,

187 1872 430 1912 Pamphile:
463 1872 492 1903 Ο
517 1873 708 1903 interiectio
733 1874 882 1912 optantis
911 1874 968 1904 ad-

186 1922 326 1949 ventum
349 1920 407 1948 aut
421 1922 563 1958 repente
579 1919 732 1957 percussi
764 1917 846 1958 [vgl.
864 1923 968 1950 unten

185 1964 227 1995 11.
247 1959 482 2003 1‚18(318)].
497 1979 541 1984 -
558 1963 667 2002 Quid
684 1965 811 2003 agith
828 1965 967 1995 Amato-

186 2009 236 2040 rie
253 2012 288 2039 et
304 2008 530 2039 familiariter.
556 2009 632 2039 Non
651 2010 739 2040 enim
756 2010 851 2048 dixit,
869 2019 965 2050 quae.

186 2053 417 2094 Vergilius
442 2052 534 2093 [Aen.
562 2054 620 2086 IV.
644 2052 743 2096 4791:
783 2054 871 2091 Quae
891 2054 974 2085 mihi

184 2098 302 2130 reddat
323 2108 393 2129 eum
412 2099 464 2129 vel
486 2109 521 2130 eo
543 2109 592 2130 me
614 2099 717 2130 solvat
731 2105 898 2131 amantem.
917 2098 968 2142 [In

187 2145 353 2184 gleiehem
370 2145 483 2183 Sinne,
502 2145 565 2176 wie
582 2146 655 2176 hier
669 2145 775 2185 Mysis
793 2156 860 2177 von
878 2147 969 2177 ihrer

188 2189 386 2221 Gebieterin
397 2199 439 2220 zu
451 2190 661 2230 Pamphilus,
673 2191 805 2230 spi-ioht
818 2192 878 2222 der
886 2192 969 2222 Pro-

186 2235 287 2274 logus
302 2234 387 2265 iiber
399 2235 517 2265 seinen
530 2236 674 2266 Dichter
689 2245 765 2267 zum
777 2236 967 2275 Publicum,

186 2280 258 2319 vgl.
274 2289 316 2310 zu
331 2279 426 2310 Prol.
446 2276 510 2321 14.]
538 2280 720 2319 Rogas?:
741 2281 851 2312 Lenta
867 2291 968 2322 quae-

188 2325 265 2355 dam
296 2327 331 2354 et
358 2324 470 2355 tristis
502 2329 554 2356 est
582 2325 760 2365 responsio
788 2330 822 2357 et
849 2327 969 2358 dolore

184 2365 308 2410 plena!
340 2369 469 2402 IDEM.

231 2449 272 2480 V.
289 2449 342 2480 33.
366 2449 450 2480 Lab
463 2452 558 2480 orat
583 2458 600 2480 e
625 2449 800 2490 dolore]
814 2451 888 2481 Der
902 2451 967 2482 Zu-

185 2495 430 2534 eammenhang
468 2495 559 2526 lehrt
596 2495 687 2535 hier,
733 2505 776 2527 an
813 2497 967 2527 welchen

185 2539 341 2571 Schmerz
384 2550 426 2571 zu
467 2540 601 2571 denken
639 2541 701 2573 eei.
761 2543 859 2574 Noeh
898 2545 968 2573 ent-

185 2585 383 2617 schiedener
405 2586 518 2616 wiirde
534 2586 640 2627 Mysis
656 2586 718 2617 mit
735 2587 812 2618 dem
829 2588 968 2619 Plurale

186 2628 309 2661 dolores
339 2643 386 2656 ==
422 2626 537 2667 ὠδῐνες
576 2633 637 2664 auf
666 2632 720 2663 die
754 2633 967 2665 Geburte-

186 2675 331 2705 wehen
348 2675 569 2714 hingedeutet
583 2677 711 2716 haben,
739 2688 765 2710 s.
783 2680 967 2710 Plautus

187 2717 307 2750 C'istell.
331 2720 359 2751 1.
377 2721 416 2758 2,
443 2720 496 2751 22.
527 2721 596 2752 eine
619 2722 794 2755 obstetricae
815 2733 914 2764 opera
938 2727 968 2754 et

184 2764 254 2795 eine
275 2764 443 2795 doloribus.
477 2766 521 2796 el.
543 2765 672 2797 Z'moul.
689 2768 732 2799 11.
749 2770 768 2799 5
780 2791 788 2805 ,
808 2770 840 2800 8.
861 2770 920 2800 IV.
936 2771 966 2808 3,

186 2811 241 2842 33.
259 2810 365 2842 Tere
376 2821 396 2842 n
408 2811 499 2842 tius
515 2809 579 2843 Aa.
596 2812 656 2843 111.
672 2813 703 2852 1,
716 2814 736 2843 2
753 2812 859 2853 (289).
874 2813 970 2846 uodo

189 2854 328 2895 dolores,
344 2865 415 2888 mea
433 2860 476 2897 tu,
493 2855 652 2895 occipiunt
664 2857 848 2898 primulum.
866 2860 909 2890 cl.
923 2859 969 2890 ib.

184 2901 247 2932 111.
265 2902 298 2940 4,
315 2903 372 2933 40.

234 2969 275 3000 V.
293 2970 336 3000 38
354 2978 404 3009 sq.
431 2971 540 3002 diem
559 2970 660 3010 quia
681 2971 784 3001 olim
801 2971 843 3001 in
859 2971 970 3002 hune

1037 1030 1135 1058 sunt
1167 1027 1439 1059 constitutae
1470 1025 1679 1068 nuptiae]
1740 1028 1817 1068 Vgl.

1037 1072 1125 1104 oben
1142 1075 1167 1105 Ι.
1186 1075 1218 1114 1,
1239 1074 1290 1105 75.

1083 1164 1123 1193 V.
1142 1164 1196 1194 36.
1229 1164 1350 1203 Egon
1373 1167 1550 1202 propter
1573 1162 1651 1202 me]
1685 1164 1815 1194 Faer-

1037 1217 1111 1239 nus
1145 1208 1235 1248 gibt:
1272 1208 1344 1247 Eyo
1366 1212 1502 1247 propter
1529 1217 1594 1248 me,
1629 1209 1715 1239 ohne
1745 1209 1819 1239 eine

1037 1254 1197 1284 Variante
1230 1262 1290 1284 aus
1322 1254 1440 1284 seinen
1467 1254 1548 1285 Hss.
1582 1254 1819 1285 anzumerken.

1038 1299 1256 1330 Sfimmtliche
1274 1299 1353 1330 Hes.
1371 1299 1458 1341 Bqn
1468 1299 1500 1329 tl
1510 1309 1526 1329 e
1536 1309 1557 1338 y
1568 1295 1574 1309 ’
1584 1308 1599 1330 s
1616 1300 1711 1330 lesen
1728 1299 1820 1338 Eyon

1031 1348 1169 1384 propter
1188 1353 1236 1375 me
1257 1345 1328 1375 und
1351 1344 1456 1374 damit
1477 1344 1711 1375 harmonieren
1736 1345 1819 1376 Do-

1036 1399 1058 1420 n
1067 1393 1136 1420 atu
1145 1399 1162 1420 s
1175 1390 1245 1420 und
1253 1389 1436 1429 Cod.Reg.,
1447 1390 1575 1420 welche
1588 1389 1699 1429 Eyoue
1711 1391 1820 1421 lesen.

1082 1480 1123 1511 V.
1142 1480 1194 1510 38.
1226 1489 1300 1520 pro
1322 1489 1450 1511 uxore
1476 1478 1724 1522 habuerim]
1743 1481 1820 1520 vgl.

1037 1526 1127 1556 oben
1143 1535 1184 1556 zu
1201 1525 1226 1555 1.
1247 1526 1278 1566 1,
1297 1526 1372 1557 119.

1083 1616 1124 1647 V.
1141 1616 1194 1647 39.
1223 1616 1342 1646 Bene
1365 1618 1404 1646 et
1435 1616 1589 1655 pudice
1625 1617 1716 1647 eius
1749 1617 1820 1648 do-

1037 1664 1147 1691 ctum
1181 1665 1311 1701 atque
1346 1661 1538 1692 eductum
1570 1661 1704 1693 sinam
1738 1660 1818 1703 etc.]

1037 1706 1100 1737 Mit
1117 1705 1193 1737 bene
1210 1709 1240 1737 et
1249 1705 1372 1746 pudice
1388 1705 1521 1738 educere
1545 1707 1744 1738 bezeichnet
1762 1708 1821 1738 der

1037 1752 1199 1782 Lateiner
1224 1752 1299 1783 eine
1323 1752 1358 1782 in
1375 1752 1486 1783 eeiner
1502 1753 1566 1783 Art
1580 1754 1820 1784 untadelhafte

1037 1797 1243 1836 Erziehung,
1260 1797 1446 1828 besonders
1464 1798 1524 1828 des
1539 1798 1740 1829 weiblichen
1755 1798 1820 1829 Ge-

1037 1842 1219 1882 sehleehte,
1238 1842 1351 1873 indem
1369 1852 1406 1873 er
1423 1843 1529 1873 durch
1546 1843 1606 1873 das
1620 1847 1709 1874 erate
1722 1844 1821 1874 Wort

1038 1887 1092 1918 die
1115 1887 1379 1926 intellectuelle,
1408 1887 1512 1918 durch
1536 1888 1596 1918 das
1621 1889 1739 1919 zweite
1765 1889 1819 1919 die

1037 1933 1239 1964 moralieche
1258 1933 1348 1964 Seite
1372 1930 1437 1964 in's
1455 1933 1552 1972 Auge
1574 1933 1669 1966 fasst.
1702 1934 1822 1964 Daher

1034 1977 1080 2008 ist
1104 1979 1198 2009 diese
1221 1978 1374 2018 Formel,
1399 1978 1459 2009 der
1482 1987 1585 2009 unser
1607 1979 1718 2009 wohl
1740 1979 1823 2011 und

1035 2024 1208 2054 eittsam
1240 2024 1444 2055 erziehen
1482 2033 1519 2054 so
1551 2024 1711 2055 ziemlieh
1752 2027 1822 2055 ent-

1039 2069 1182 2109 spricht,
1207 2078 1245 2100 so
1262 2070 1385 2109 hiiufig,
1408 2069 1586 2100 Plautus
1606 2068 1698 2101 Cure.
1714 2070 1771 2100 IV.
1790 2071 1821 2110 2,

1039 2115 1082 2145 32
1101 2114 1208 2153 (518).
1223 2115 1314 2146 Bene
1331 2124 1388 2154 eqo
1407 2114 1503 2145 iatam
1521 2114 1619 2145 eduxi
1631 2124 1720 2146 meae
1736 2115 1824 2146 domi

1039 2159 1208 2198 etpudiee.
1239 2161 1356 2191 Idem
1375 2158 1452 2193 Oist.
1467 2161 1493 2190 Ι.
1509 2161 1547 2200 3,
1566 2161 1610 2191 24
1626 2169 1676 2200 sq.
1707 2160 1822 2200 anue

1038 2203 1187 2235 educavit
1210 2215 1280 2235 eam
1295 2205 1359 2236 sibi
1369 2215 1432 2244 pro
1439 2205 1520 2245 filia
1535 2206 1625 2236 Bene
1640 2215 1680 2236 ac
1691 2205 1821 2245 pudice.

1037 2251 1271 2282 Terentius
1295 2251 1449 2281 Heauton
1464 2250 1529 2280 tim.
1546 2252 1588 2281 11.
1609 2252 1643 2288 1,
1665 2252 1707 2281 14
1724 2249 1820 2290 (225)

1037 2304 1087 2334 eq.
1118 2295 1205 2326 Nam
1228 2295 1280 2326 hic
1305 2295 1414 2326 Clinia
1434 2304 1477 2317 —'
1501 2300 1606 2327 tamen
1620 2295 1715 2327 habet
1731 2296 1822 2327 Bene

1036 2344 1067 2370 et
1085 2339 1204 2378 pudice
1227 2340 1372 2372 eductam
1396 2345 1427 2371 et
1449 2341 1529 2371 artis
1551 2340 1700 2380 iynaram
1723 2350 1821 2372 mere-

1035 2384 1160 2416 triciae.
1193 2386 1298 2417 Nieht
1310 2387 1442 2417 minder
1466 2387 1563 2426 gefiel
1582 2386 1655 2417 sich
1675 2386 1735 2418 der
1753 2387 1819 2418 La·

1037 2431 1144 2462 teiner
1161 2431 1194 2462 in
1213 2431 1274 2462 dex·
1286 2431 1527 2463 Paronomasie
1542 2441 1608 2462 von
1625 2432 1737 2462 docere
1751 2432 1821 2462 und

1037 2475 1169 2507 educere
1187 2475 1284 2515 (oder
1297 2474 1467 2518 educare),
1484 2478 1611 2508 welche
1630 2478 1768 2508 W6rter
1785 2487 1822 2507 er

1037 2522 1123 2552 auch
1140 2523 1192 2553 als
1209 2523 1505 2554 stammverwandt
1518 2522 1740 2560 betrachtete,
1757 2522 1821 2552 wie

1036 2566 1093 2598 bei
1108 2567 1294 2598 Plautus
1310 2568 1402 2599 Most.
1419 2569 1445 2600 1.
1465 2569 1502 2607 3,
1521 2568 1563 2599 29
1582 2565 1689 2608 (186).
1722 2566 1821 2605 Equi-

1037 2611 1108 2643 dem
1125 2614 1185 2652 pol
1208 2613 1305 2645 miror
1323 2617 1390 2643 tam
1412 2618 1528 2651 eatam,
1552 2617 1617 2643 tam
1638 2611 1763 2642 doctam
1792 2615 1822 2642 et

1037 2657 1114 2688 bene
1136 2661 1166 2689 te
1190 2657 1335 2690 eductam
1355 2658 1430 2689 Nou
1445 2658 1574 2688 stultam
1589 2657 1683 2686 stulte
1691 2655 1821 2695 facere.

1037 2702 1265 2735 Terentius
1282 2704 1366 2735 Eun.
1383 2705 1410 2734 1.
1427 2704 1458 2742 2,
1477 2703 1519 2732 36
1537 2701 1634 2740 (116)
1652 2710 1702 2740 sq.
1719 2700 1822 2741 coepit

1036 2747 1175 2779 studiose
1192 2750 1298 2779 omnia
1306 2749 1438 2786 Docere,
1456 2747 1599 2782 educere,
1618 2746 1665 2776 ita
1682 2749 1717 2776 ut
1731 2746 1761 2778 εἰ
1775 2756 1821 2778 σε·

1037 2793 1180 2832 eetfilia.
1215 2793 1367 2824 Cicero
1392 2791 1482 2830 epist.
1501 2792 1558 2822 v1.
1576 2792 1607 2832 5,
1624 2792 1655 2822 4.
1673 2791 1723 2822 ita
1739 2791 1822 2823 em‘m

1037 2842 1142 2875 natus,
1164 2838 1212 2867 ita
1228 2837 1392 2874 educatus,
1414 2836 1462 2866 ita
1478 2836 1587 2867 doctum
1603 2845 1646 2876 ee,
1662 2835 1710 2867 ita
1726 2836 1822 2868 etiam

1038 2882 1180 2922 cognitus
1208 2886 1271 2914 etc.
1281 2905 1290 2923 ,
1319 2881 1495 2920 woselbet,
1528 2881 1679 2913 obeehon
1713 2879 1822 2914 doctu

1039 2929 1140 2966 ffflgt,
1159 2927 1309 2958 educatus
1323 2936 1441 2967 wegen
1455 2927 1515 2958 des
1527 2935 1821 2968 vorauegegenge·

1039 2981 1103 3003 nen
1123 2978 1216 3003 name
1238 2972 1528 3012 entepreehender
1543 2972 1589 3003 ist
1611 2973 1662 3004 ale
1680 2972 1820 3005 eductus.

1507 3024 1550 3051 ὁ.
