<?xml version="1.0" encoding="UTF-8"?>
<!DOCTYPE html PUBLIC "-//W3C//DTD XHTML 1.0 Transitional//EN"
    "http://www.w3.org/TR/xhtml1/DTD/xhtml1-transitional.dtd">
<html xmlns="http://www.w3.org/1999/xhtml" xml:lang="en" lang="en">
 <head>
  <title>
</title>
<meta http-equiv="Content-Type" content="text/html;charset=utf-8" />
  <meta name='ocr-system' content='tesseract 3.04.00' />
  <meta name='ocr-capabilities' content='ocr_page ocr_carea ocr_par ocr_line ocrx_word'/>
</head>
<body>
  <div class='ocr_page' id='page_1' title='image "andriate00tereuoft_0136.png"; bbox 0 0 2008 3262; ppageno 0'>
   <div class='ocr_carea' id='block_1_1' title="bbox 201 239 1826 1697">
    <p class='ocr_par' dir='ltr' id='par_1_1' title="bbox 201 239 1826 1697">
     <span class='ocr_line' id='line_1_1' title="bbox 203 239 1237 280; baseline -0.003 -1"><span class='ocrx_word' id='word_1_1' title='bbox 203 239 284 280; x_wconf 80' lang='lat'>122</span> <span class='ocrx_word' id='word_1_2' title='bbox 778 247 951 277; x_wconf 81' lang='lat' dir='ltr'><strong>ANDRIA</strong></span> <span class='ocrx_word' id='word_1_3' title='bbox 971 247 1007 276; x_wconf 89' lang='lat' dir='ltr'>P.</span> <span class='ocrx_word' id='word_1_4' title='bbox 1029 245 1237 276; x_wconf 77' lang='lat' dir='ltr'><strong>TERENTI.</strong></span> 
     </span>
     <span class='ocr_line' id='line_1_2' title="bbox 257 356 1483 415; baseline -0.004 -12"><span class='ocrx_word' id='word_1_5' title='bbox 257 361 386 414; x_wconf 79' lang='lat' dir='ltr'>Quod</span> <span class='ocrx_word' id='word_1_6' title='bbox 405 359 558 415; x_wconf 78' lang='lat' dir='ltr'>uolgus</span> <span class='ocrx_word' id='word_1_7' title='bbox 581 360 803 401; x_wconf 82' lang='lat' dir='ltr'>seruorum</span> <span class='ocrx_word' id='word_1_8' title='bbox 824 358 943 412; x_wconf 80' lang='lat' dir='ltr'>solet,</span> <span class='ocrx_word' id='word_1_9' title='bbox 963 356 1073 399; x_wconf 83' lang='lat' dir='ltr'>dolis</span> <span class='ocrx_word' id='word_1_10' title='bbox 1093 362 1141 398; x_wconf 81' lang='lat' dir='ltr'>ut</span> <span class='ocrx_word' id='word_1_11' title='bbox 1159 371 1227 398; x_wconf 90' lang='lat' dir='ltr'>me</span> <span class='ocrx_word' id='word_1_12' title='bbox 1248 356 1483 412; x_wconf 77' lang='lat' dir='ltr'>deluderes,</span> 
     </span>
     <span class='ocr_line' id='line_1_3' title="bbox 215 422 1820 486; baseline -0.004 -16"><span class='ocrx_word' id='word_1_13' title='bbox 215 444 232 469; x_wconf 83' lang='lat'><strong>5</strong></span> <span class='ocrx_word' id='word_1_14' title='bbox 249 427 484 486; x_wconf 78' lang='lat' dir='ltr'>Propterea</span> <span class='ocrx_word' id='word_1_15' title='bbox 514 427 630 484; x_wconf 85' lang='lat' dir='ltr'>quod</span> <span class='ocrx_word' id='word_1_16' title='bbox 659 432 774 468; x_wconf 81' lang='lat' dir='ltr'>amat</span> <span class='ocrx_word' id='word_1_17' title='bbox 799 425 928 468; x_wconf 86' lang='lat' dir='ltr'>filius.</span> <span class='ocrx_word' id='word_1_18' title='bbox 968 424 1055 467; x_wconf 87' lang='lat' dir='ltr'>Da.</span> <span class='ocrx_word' id='word_1_19' title='bbox 1086 424 1214 480; x_wconf 87' lang='lat' dir='ltr'>Egon</span> <span class='ocrx_word' id='word_1_20' title='bbox 1240 426 1352 467; x_wconf 79' lang='lat' dir='ltr'>istuc</span> <span class='ocrx_word' id='word_1_21' title='bbox 1378 424 1591 467; x_wconf 82' lang='lat' dir='ltr'>facerem?</span> <span class='ocrx_word' id='word_1_22' title='bbox 1631 422 1690 466; x_wconf 64' lang='lat' dir='ltr'><strong>Si.</strong></span> <span class='ocrx_word' id='word_1_23' title='bbox 1720 422 1820 466; x_wconf 78' lang='lat' dir='ltr'>Cre-</span> 
     </span>
     <span class='ocr_line' id='line_1_4' title="bbox 1011 492 1121 534; baseline 0.009 -1"><span class='ocrx_word' id='word_1_24' title='bbox 1011 492 1056 533; x_wconf 80' lang='lat' dir='ltr'>di</span> <span class='ocrx_word' id='word_1_25' title='bbox 1086 492 1121 534; x_wconf 88' lang='lat' dir='ltr'>i:</span> 
     </span>
     <span class='ocr_line' id='line_1_5' title="bbox 254 492 1819 620; baseline -0.004 -15"><span class='ocrx_word' id='word_1_26' title='bbox 254 563 391 620; x_wconf 82' lang='lat' dir='ltr'>quue</span> <span class='ocrx_word' id='word_1_27' title='bbox 422 563 528 606; x_wconf 62' lang='lat' dir='ltr'>adeo</span> <span class='ocrx_word' id='word_1_28' title='bbox 555 568 749 605; x_wconf 79' lang='lat' dir='ltr'>metuens</span> <span class='ocrx_word' id='word_1_29' title='bbox 775 562 854 604; x_wconf 83' lang='grc' dir='ltr'>11όο</span> <span class='ocrx_word' id='word_1_30' title='bbox 883 559 1043 615; x_wconf 82' lang='lat' dir='ltr'>celaui,</span> <span class='ocrx_word' id='word_1_31' title='bbox 1057 492 1191 617; x_wconf 71' lang='lat' dir='ltr'>dquod.</span> <span class='ocrx_word' id='word_1_32' title='bbox 1217 574 1332 602; x_wconf 84' lang='lat' dir='ltr'>nuno</span> <span class='ocrx_word' id='word_1_33' title='bbox 1362 559 1513 601; x_wconf 82' lang='lat' dir='ltr'>dicam.</span> <span class='ocrx_word' id='word_1_34' title='bbox 1552 558 1638 599; x_wconf 86' lang='lat' dir='ltr'>Da.</span> <span class='ocrx_word' id='word_1_35' title='bbox 1670 557 1819 611; x_wconf 76' lang='lat' dir='ltr'>Quid?</span> 
     </span>
     <span class='ocr_line' id='line_1_6' title="bbox 1010 626 1818 670; baseline -0.007 0"><span class='ocrx_word' id='word_1_36' title='bbox 1010 626 1070 670; x_wconf 75' lang='lat' dir='ltr'><strong>Si.</strong></span> <span class='ocrx_word' id='word_1_37' title='bbox 1100 627 1240 670; x_wconf 78' lang='lat' dir='ltr'>Scies:</span> <span class='ocrx_word' id='word_1_38' title='bbox 1738 626 1818 665; x_wconf 84' lang='lat'>585</span> 
     </span>
     <span class='ocr_line' id='line_1_7' title="bbox 253 693 1821 755; baseline -0.004 -15"><span class='ocrx_word' id='word_1_39' title='bbox 253 699 364 740; x_wconf 86' lang='lat' dir='ltr'>Nam</span> <span class='ocrx_word' id='word_1_40' title='bbox 390 697 699 755; x_wconf 76' lang='lat' dir='ltr'>propemodum</span> <span class='ocrx_word' id='word_1_41' title='bbox 725 696 863 739; x_wconf 85' lang='lat' dir='ltr'>habeo</span> <span class='ocrx_word' id='word_1_42' title='bbox 893 696 980 738; x_wconf 63' lang='lat' dir='ltr'>iem</span> <span class='ocrx_word' id='word_1_43' title='bbox 1006 695 1146 737; x_wconf 89' lang='lat' dir='ltr'>fidem.</span> <span class='ocrx_word' id='word_1_44' title='bbox 1187 695 1274 736; x_wconf 83' lang='lat' dir='ltr'>Da.</span> <span class='ocrx_word' id='word_1_45' title='bbox 1305 694 1500 737; x_wconf 77' lang='lat' dir='ltr'>Tandem</span> <span class='ocrx_word' id='word_1_46' title='bbox 1525 693 1720 749; x_wconf 77' lang='lat' dir='ltr'><strong>cognosti</strong></span> <span class='ocrx_word' id='word_1_47' title='bbox 1746 693 1821 750; x_wconf 88' lang='lat' dir='ltr'>qui</span> 
     </span>
     <span class='ocr_line' id='line_1_8' title="bbox 255 763 1823 888; baseline -0.005 -12"><span class='ocrx_word' id='word_1_48' title='bbox 255 833 315 876; x_wconf 73' lang='lat' dir='ltr'>Si.</span> <span class='ocrx_word' id='word_1_49' title='bbox 343 833 442 876; x_wconf 92' lang='lat' dir='ltr'>Non</span> <span class='ocrx_word' id='word_1_50' title='bbox 471 834 641 875; x_wconf 81' lang='lat' dir='ltr'>fuerant</span> <span class='ocrx_word' id='word_1_51' title='bbox 666 831 842 888; x_wconf 74' lang='lat' dir='ltr'>nuptiae</span> <span class='ocrx_word' id='word_1_52' title='bbox 871 763 1191 873; x_wconf 47' lang='lat' dir='ltr'>futurasgmlga.</span> <span class='ocrx_word' id='word_1_53' title='bbox 1223 829 1369 883; x_wconf 73' lang='lat' dir='ltr'>Quid?</span> <span class='ocrx_word' id='word_1_54' title='bbox 1397 828 1516 871; x_wconf 80' lang='lat' dir='ltr'>non‘?</span> <span class='ocrx_word' id='word_1_55' title='bbox 1566 826 1627 870; x_wconf 70' lang='lat' dir='ltr'><strong>Si.</strong></span> <span class='ocrx_word' id='word_1_56' title='bbox 1658 827 1744 870; x_wconf 82' lang='lat' dir='ltr'>Sed</span> <span class='ocrx_word' id='word_1_57' title='bbox 1772 841 1823 868; x_wconf 84' lang='lat' dir='ltr'>ea</span> 
     </span>
     <span class='ocr_line' id='line_1_9' title="bbox 258 900 1823 1024; baseline -0.005 -13"><span class='ocrx_word' id='word_1_58' title='bbox 258 967 481 1024; x_wconf 68' lang='grc'>8111101001,</span> <span class='ocrx_word' id='word_1_59' title='bbox 515 982 594 1009; x_wconf 86' lang='lat' dir='ltr'>uos</span> <span class='ocrx_word' id='word_1_60' title='bbox 614 973 663 1009; x_wconf 86' lang='lat' dir='ltr'>ut</span> <span class='ocrx_word' id='word_1_61' title='bbox 682 900 1165 1024; x_wconf 44' lang='lat' dir='ltr'>pertemptaremfgragi.</span> <span class='ocrx_word' id='word_1_62' title='bbox 1197 964 1315 1017; x_wconf 80' lang='lat' dir='ltr'>Quid</span> <span class='ocrx_word' id='word_1_63' title='bbox 1341 964 1438 1006; x_wconf 74' lang='lat' dir='ltr'>ais?</span> <span class='ocrx_word' id='word_1_64' title='bbox 1478 963 1537 1006; x_wconf 72' lang='lat' dir='ltr'><strong>Si.</strong></span> <span class='ocrx_word' id='word_1_65' title='bbox 1569 963 1641 1007; x_wconf 81' lang='lat' dir='ltr'>Sic</span> <span class='ocrx_word' id='word_1_66' title='bbox 1659 977 1728 1005; x_wconf 80' lang='lat' dir='ltr'>res</span> <span class='ocrx_word' id='word_1_67' title='bbox 1749 964 1823 1004; x_wconf 80' lang='lat' dir='ltr'>est.</span> 
     </span>
     <span class='ocr_line' id='line_1_10' title="bbox 201 1031 1769 1159; baseline -0.004 -14"><span class='ocrx_word' id='word_1_68' title='bbox 201 1120 232 1144; x_wconf 81' lang='grc' dir='ltr'>ιο</span> <span class='ocrx_word' id='word_1_69' title='bbox 252 1103 498 1159; x_wconf 84' lang='lat' dir='ltr'><strong>Numquam</strong></span> <span class='ocrx_word' id='word_1_70' title='bbox 517 1103 628 1144; x_wconf 78' lang='lat' dir='ltr'>istuc</span> <span class='ocrx_word' id='word_1_71' title='bbox 648 1101 771 1157; x_wconf 89' lang='lat' dir='ltr'>quiui</span> <span class='ocrx_word' id='word_1_72' title='bbox 791 1114 870 1156; x_wconf 86' lang='lat' dir='ltr'>ego</span> <span class='ocrx_word' id='word_1_73' title='bbox 890 1031 1290 1154; x_wconf 49' lang='lat' dir='ltr'>intellffgaeigullith</span> <span class='ocrx_word' id='word_1_74' title='bbox 1309 1098 1536 1142; x_wconf 82' lang='lat' dir='ltr'>eonsilium</span> <span class='ocrx_word' id='word_1_75' title='bbox 1556 1096 1769 1140; x_wconf 68' lang='lat' dir='ltr'>callidum.</span> 
     </span>
     <span class='ocr_line' id='line_1_11' title="bbox 255 1163 1826 1223; baseline -0.004 -12"><span class='ocrx_word' id='word_1_76' title='bbox 255 1169 315 1211; x_wconf 68' lang='lat' dir='ltr'><strong>Si.</strong></span> <span class='ocrx_word' id='word_1_77' title='bbox 346 1170 444 1212; x_wconf 80' lang='lat' dir='ltr'>Hoc</span> <span class='ocrx_word' id='word_1_78' title='bbox 479 1169 602 1211; x_wconf 81' lang='lat' dir='ltr'>audi:</span> <span class='ocrx_word' id='word_1_79' title='bbox 643 1174 692 1211; x_wconf 89' lang='lat' dir='ltr'>ut</span> <span class='ocrx_word' id='word_1_80' title='bbox 722 1167 823 1210; x_wconf 83' lang='grc'>111110</span> <span class='ocrx_word' id='word_1_81' title='bbox 852 1173 894 1210; x_wconf 88' lang='lat' dir='ltr'>te</span> <span class='ocrx_word' id='word_1_82' title='bbox 922 1167 1034 1209; x_wconf 87' lang='lat' dir='ltr'>intro</span> <span class='ocrx_word' id='word_1_83' title='bbox 1064 1168 1128 1207; x_wconf 76' lang='lat' dir='ltr'>ire</span> <span class='ocrx_word' id='word_1_84' title='bbox 1155 1167 1282 1222; x_wconf 81' lang='lat' dir='ltr'>iussi,</span> <span class='ocrx_word' id='word_1_85' title='bbox 1323 1168 1561 1223; x_wconf 66' lang='lat' dir='ltr'>oppertune</span> <span class='ocrx_word' id='word_1_86' title='bbox 1590 1164 1661 1207; x_wconf 92' lang='grc'>1110</span> <span class='ocrx_word' id='word_1_87' title='bbox 1689 1164 1738 1207; x_wconf 83' lang='lat' dir='ltr'>fit</span> <span class='ocrx_word' id='word_1_88' title='bbox 1766 1163 1826 1205; x_wconf 91' lang='lat' dir='ltr'>mi</span> 
     </span>
     <span class='ocr_line' id='line_1_12' title="bbox 1012 1233 1824 1288; baseline -0.007 -12"><span class='ocrx_word' id='word_1_89' title='bbox 1012 1234 1197 1276; x_wconf 74' lang='lat' dir='ltr'>obuiam.</span> <span class='ocrx_word' id='word_1_90' title='bbox 1241 1233 1323 1274; x_wconf 88' lang='lat' dir='ltr'>Da.</span> <span class='ocrx_word' id='word_1_91' title='bbox 1353 1233 1479 1288; x_wconf 85' lang='lat' dir='ltr'>Hem,</span> <span class='ocrx_word' id='word_1_92' title='bbox 1741 1233 1824 1272; x_wconf 84' lang='lat'>590</span> 
     </span>
     <span class='ocr_line' id='line_1_13' title="bbox 255 1298 1825 1362; baseline -0.004 -15"><span class='ocrx_word' id='word_1_93' title='bbox 255 1305 473 1348; x_wconf 72' lang='lat' dir='ltr'>Numnam</span> <span class='ocrx_word' id='word_1_94' title='bbox 492 1304 710 1362; x_wconf 75' lang='lat' dir='ltr'>perimus?</span> <span class='ocrx_word' id='word_1_95' title='bbox 747 1301 805 1345; x_wconf 66' lang='lat' dir='ltr'><strong>Si.</strong></span> <span class='ocrx_word' id='word_1_96' title='bbox 835 1302 974 1344; x_wconf 68' lang='lat' dir='ltr'>Narro</span> <span class='ocrx_word' id='word_1_97' title='bbox 996 1301 1109 1356; x_wconf 81' lang='lat' dir='ltr'>huie,</span> <span class='ocrx_word' id='word_1_98' title='bbox 1131 1315 1240 1358; x_wconf 87' lang='lat' dir='ltr'>quae</span> <span class='ocrx_word' id='word_1_99' title='bbox 1261 1307 1309 1343; x_wconf 86' lang='lat' dir='ltr'>tu</span> <span class='ocrx_word' id='word_1_100' title='bbox 1329 1300 1491 1343; x_wconf 85' lang='lat' dir='ltr'>dudum</span> <span class='ocrx_word' id='word_1_101' title='bbox 1509 1301 1694 1342; x_wconf 78' lang='lat' dir='ltr'>narrasti</span> <span class='ocrx_word' id='word_1_102' title='bbox 1709 1298 1825 1341; x_wconf 84' lang='lat' dir='ltr'>mihi</span> 
     </span>
     <span class='ocr_line' id='line_1_14' title="bbox 256 1367 1825 1426; baseline -0.003 -12"><span class='ocrx_word' id='word_1_103' title='bbox 256 1373 342 1414; x_wconf 83' lang='lat' dir='ltr'>Da.</span> <span class='ocrx_word' id='word_1_104' title='bbox 374 1372 592 1426; x_wconf 77' lang='lat' dir='ltr'>Quidnam</span> <span class='ocrx_word' id='word_1_105' title='bbox 619 1371 779 1413; x_wconf 81' lang='lat' dir='ltr'>audio?</span> <span class='ocrx_word' id='word_1_106' title='bbox 820 1369 881 1412; x_wconf 71' lang='lat' dir='ltr'><strong>Si.</strong></span> <span class='ocrx_word' id='word_1_107' title='bbox 913 1369 1099 1412; x_wconf 81' lang='lat' dir='ltr'><strong>Gnatam</strong></span> <span class='ocrx_word' id='word_1_108' title='bbox 1125 1371 1174 1411; x_wconf 79' lang='lat' dir='ltr'>ut</span> <span class='ocrx_word' id='word_1_109' title='bbox 1204 1368 1277 1410; x_wconf 88' lang='lat' dir='ltr'>det</span> <span class='ocrx_word' id='word_1_110' title='bbox 1304 1383 1398 1424; x_wconf 84' lang='lat' dir='ltr'>oro,</span> <span class='ocrx_word' id='word_1_111' title='bbox 1431 1369 1595 1426; x_wconf 83' lang='lat' dir='ltr'>uixque</span> <span class='ocrx_word' id='word_1_112' title='bbox 1618 1367 1664 1409; x_wconf 85' lang='lat' dir='ltr'>id</span> <span class='ocrx_word' id='word_1_113' title='bbox 1683 1380 1825 1410; x_wconf 83' lang='lat' dir='ltr'>exorO.</span> 
     </span>
     <span class='ocr_line' id='line_1_15' title="bbox 258 1436 1826 1576; baseline -0.004 -26"><span class='ocrx_word' id='word_1_114' title='bbox 258 1507 318 1550; x_wconf 73' lang='lat' dir='ltr'><strong>Si.</strong></span> <span class='ocrx_word' id='word_1_115' title='bbox 349 1506 481 1562; x_wconf 85' lang='lat' dir='ltr'><strong>Hem,</strong></span> <span class='ocrx_word' id='word_1_116' title='bbox 513 1506 618 1563; x_wconf 74' lang='lat' dir='ltr'>quid</span> <span class='ocrx_word' id='word_1_117' title='bbox 638 1505 776 1548; x_wconf 78' lang='lat' dir='ltr'>dixti?</span> <span class='ocrx_word' id='word_1_118' title='bbox 817 1505 901 1545; x_wconf 85' lang='lat' dir='ltr'>Da.</span> <span class='ocrx_word' id='word_1_119' title='bbox 936 1421 1368 1562; x_wconf 45' lang='grc' dir='ltr'>ΟΡ*(Ι)’11κ110,ΟΙ1011Ο(Ξ(11110111,</span> <span class='ocrx_word' id='word_1_120' title='bbox 1397 1504 1571 1546; x_wconf 83' lang='lat' dir='ltr'>factum.</span> <span class='ocrx_word' id='word_1_121' title='bbox 1611 1502 1670 1544; x_wconf 63' lang='grc' dir='ltr'>δι’.</span> <span class='ocrx_word' id='word_1_122' title='bbox 1700 1502 1826 1576; x_wconf 73' lang='lat' dir='ltr'>Nune</span> 
     </span>
     <span class='ocr_line' id='line_1_16' title="bbox 1014 1570 1553 1628; baseline -0.004 -14"><span class='ocrx_word' id='word_1_123' title='bbox 1014 1586 1091 1628; x_wconf 83' lang='lat' dir='ltr'>per</span> <span class='ocrx_word' id='word_1_124' title='bbox 1108 1570 1224 1613; x_wconf 84' lang='lat' dir='ltr'>hune</span> <span class='ocrx_word' id='word_1_125' title='bbox 1243 1570 1404 1614; x_wconf 69' lang='lat' dir='ltr'>nullast</span> <span class='ocrx_word' id='word_1_126' title='bbox 1421 1585 1553 1613; x_wconf 87' lang='lat' dir='ltr'><strong>mora.</strong></span> 
     </span>
     <span class='ocr_line' id='line_1_17' title="bbox 203 1637 1783 1697; baseline -0.002 -15"><span class='ocrx_word' id='word_1_127' title='bbox 203 1658 237 1683; x_wconf 81' lang='lat'>15</span> <span class='ocrx_word' id='word_1_128' title='bbox 261 1641 332 1683; x_wconf 80' lang='lat' dir='ltr'><strong>Oh..</strong></span> <span class='ocrx_word' id='word_1_129' title='bbox 362 1641 552 1684; x_wconf 80' lang='lat' dir='ltr'>Domum</span> <span class='ocrx_word' id='word_1_130' title='bbox 572 1641 700 1683; x_wconf 85' lang='lat' dir='ltr'>modo</span> <span class='ocrx_word' id='word_1_131' title='bbox 719 1639 805 1695; x_wconf 89' lang='lat' dir='ltr'>ibo,</span> <span class='ocrx_word' id='word_1_132' title='bbox 826 1646 875 1682; x_wconf 88' lang='lat' dir='ltr'>ut</span> <span class='ocrx_word' id='word_1_133' title='bbox 894 1639 1127 1697; x_wconf 75' lang='lat' dir='ltr'>adparetur</span> <span class='ocrx_word' id='word_1_134' title='bbox 1145 1639 1298 1694; x_wconf 83' lang='lat' dir='ltr'>dicam,</span> <span class='ocrx_word' id='word_1_135' title='bbox 1318 1645 1446 1696; x_wconf 86' lang='lat' dir='ltr'>atque</span> <span class='ocrx_word' id='word_1_136' title='bbox 1465 1638 1549 1680; x_wconf 84' lang='lat' dir='ltr'>huc</span> <span class='ocrx_word' id='word_1_137' title='bbox 1571 1637 1783 1680; x_wconf 75' lang='lat' dir='ltr'>renuntio.</span> 
     </span>
    </p>
   </div>
   <div class='ocr_carea' id='block_1_2' title="bbox 199 1777 982 2087">
    <p class='ocr_par' dir='ltr' id='par_1_2' title="bbox 199 1777 982 2087">
     <span class='ocr_line' id='line_1_18' title="bbox 247 1777 980 1816; baseline -0.003 -8"><span class='ocrx_word' id='word_1_138' title='bbox 247 1779 287 1810; x_wconf 88' lang='lat' dir='ltr'>V.</span> <span class='ocrx_word' id='word_1_139' title='bbox 306 1780 337 1809; x_wconf 82' lang='lat'>4.</span> <span class='ocrx_word' id='word_1_140' title='bbox 370 1778 487 1816; x_wconf 79' lang='lat' dir='ltr'>Quod</span> <span class='ocrx_word' id='word_1_141' title='bbox 506 1777 657 1815; x_wconf 87' lang='lat' dir='ltr'>volgus</span> <span class='ocrx_word' id='word_1_142' title='bbox 675 1785 896 1807; x_wconf 85' lang='lat' dir='ltr'>servorum</span> <span class='ocrx_word' id='word_1_143' title='bbox 913 1785 980 1807; x_wconf 81' lang='lat' dir='ltr'>so-</span> 
     </span>
     <span class='ocr_line' id='line_1_19' title="bbox 201 1821 980 1862; baseline -0.001 -9"><span class='ocrx_word' id='word_1_144' title='bbox 201 1822 274 1862; x_wconf 86' lang='lat' dir='ltr'>let]</span> <span class='ocrx_word' id='word_1_145' title='bbox 288 1821 330 1853; x_wconf 91' lang='lat' dir='ltr'>‘D</span> <span class='ocrx_word' id='word_1_146' title='bbox 343 1833 385 1854; x_wconf 87' lang='lat' dir='ltr'>er</span> <span class='ocrx_word' id='word_1_147' title='bbox 402 1822 708 1862; x_wconf 80' lang='lat' dir='ltr'>gew6hn1iehe</span> <span class='ocrx_word' id='word_1_148' title='bbox 727 1822 904 1860; x_wconf 82' lang='lat' dir='ltr'>Schlag’,</span> <span class='ocrx_word' id='word_1_149' title='bbox 920 1822 980 1852; x_wconf 90' lang='lat' dir='ltr'>wie</span> 
     </span>
     <span class='ocr_line' id='line_1_20' title="bbox 201 1865 980 1908; baseline -0.003 -10"><span class='ocrx_word' id='word_1_150' title='bbox 201 1869 281 1898; x_wconf 79' lang='lat' dir='ltr'><strong>Hec.</strong></span> <span class='ocrx_word' id='word_1_151' title='bbox 300 1869 356 1898; x_wconf 87' lang='lat' dir='ltr'>IV.</span> <span class='ocrx_word' id='word_1_152' title='bbox 376 1870 405 1906; x_wconf 83' lang='lat'>2,</span> <span class='ocrx_word' id='word_1_153' title='bbox 424 1868 467 1898; x_wconf 84' lang='lat'>24</span> <span class='ocrx_word' id='word_1_154' title='bbox 482 1865 587 1908; x_wconf 91' lang='grc'>(600).</span> <span class='ocrx_word' id='word_1_155' title='bbox 603 1867 681 1897; x_wconf 79' lang='lat' dir='ltr'>Sine</span> <span class='ocrx_word' id='word_1_156' title='bbox 697 1876 755 1907; x_wconf 85' lang='lat' dir='ltr'>me,</span> <span class='ocrx_word' id='word_1_157' title='bbox 773 1866 907 1906; x_wconf 69' lang='lat' dir='ltr'>obsecro,</span> <span class='ocrx_word' id='word_1_158' title='bbox 924 1867 980 1896; x_wconf 77' lang='lat' dir='ltr'>hoe</span> 
     </span>
     <span class='ocr_line' id='line_1_21' title="bbox 203 1910 979 1953; baseline -0.003 -10"><span class='ocrx_word' id='word_1_159' title='bbox 203 1913 360 1953; x_wconf 74' lang='lat' dir='ltr'>ecfuyere,</span> <span class='ocrx_word' id='word_1_160' title='bbox 378 1912 485 1952; x_wconf 66' lang='lat' dir='ltr'>volgus</span> <span class='ocrx_word' id='word_1_161' title='bbox 501 1911 587 1951; x_wconf 76' lang='lat' dir='ltr'>quod</span> <span class='ocrx_word' id='word_1_162' title='bbox 600 1911 684 1942; x_wconf 86' lang='lat' dir='ltr'>male</span> <span class='ocrx_word' id='word_1_163' title='bbox 699 1911 790 1942; x_wconf 74' lang='lat' dir='ltr'>audit</span> <span class='ocrx_word' id='word_1_164' title='bbox 804 1910 979 1942; x_wconf 80' lang='lat' dir='ltr'>mulierum.</span> 
     </span>
     <span class='ocr_line' id='line_1_22' title="bbox 199 1956 982 1996; baseline -0.003 -8"><span class='ocrx_word' id='word_1_165' title='bbox 199 1959 266 1988; x_wconf 84' lang='lat' dir='ltr'>Zur</span> <span class='ocrx_word' id='word_1_166' title='bbox 283 1959 390 1989; x_wconf 86' lang='lat' dir='ltr'>Saehe</span> <span class='ocrx_word' id='word_1_167' title='bbox 409 1958 429 1989; x_wconf 85' lang='lat' dir='ltr'>S</span> <span class='ocrx_word' id='word_1_168' title='bbox 442 1967 568 1988; x_wconf 86' lang='lat' dir='ltr'>eneca</span> <span class='ocrx_word' id='word_1_169' title='bbox 586 1956 676 1994; x_wconf 76' lang='lat' dir='ltr'>epist.</span> <span class='ocrx_word' id='word_1_170' title='bbox 693 1957 747 1996; x_wconf 80' lang='lat'>47,</span> <span class='ocrx_word' id='word_1_171' title='bbox 766 1959 796 1987; x_wconf 85' lang='lat'>3.</span> <span class='ocrx_word' id='word_1_172' title='bbox 830 1956 982 1986; x_wconf 73' lang='lat' dir='ltr'>Eiusdem</span> 
     </span>
     <span class='ocr_line' id='line_1_23' title="bbox 200 2000 980 2041; baseline -0.003 -9"><span class='ocrx_word' id='word_1_173' title='bbox 200 2002 410 2040; x_wconf 70' lang='lat' dir='ltr'>adroyantz&#39;ae</span> <span class='ocrx_word' id='word_1_174' title='bbox 436 2001 636 2041; x_wconf 80' lang='lat' dir='ltr'>proverbium</span> <span class='ocrx_word' id='word_1_175' title='bbox 664 2000 821 2032; x_wconf 78' lang='lat' dir='ltr'>iactatur.-</span> <span class='ocrx_word' id='word_1_176' title='bbox 872 2000 980 2032; x_wconf 78' lang='lat' dir='ltr'>Toti-</span> 
     </span>
     <span class='ocr_line' id='line_1_24' title="bbox 201 2047 834 2087; baseline 0 -11"><span class='ocrx_word' id='word_1_177' title='bbox 201 2047 286 2076; x_wconf 82' lang='lat' dir='ltr'>dem</span> <span class='ocrx_word' id='word_1_178' title='bbox 303 2048 441 2077; x_wconf 74' lang='lat' dir='ltr'>hostes</span> <span class='ocrx_word' id='word_1_179' title='bbox 458 2056 562 2087; x_wconf 77' lang='lat' dir='ltr'>esse,</span> <span class='ocrx_word' id='word_1_180' title='bbox 580 2051 674 2084; x_wconf 79' lang='lat' dir='ltr'>quot</span> <span class='ocrx_word' id='word_1_181' title='bbox 690 2055 834 2076; x_wconf 72' lang='lat' dir='ltr'><strong>servos.</strong></span> 
     </span>
    </p>
   </div>
   <div class='ocr_carea' id='block_1_3' title="bbox 200 2102 981 2635">
    <p class='ocr_par' dir='ltr' id='par_1_3' title="bbox 202 2102 981 2276">
     <span class='ocr_line' id='line_1_25' title="bbox 247 2102 981 2141; baseline -0.001 -9"><span class='ocrx_word' id='word_1_182' title='bbox 247 2103 287 2132; x_wconf 91' lang='lat' dir='ltr'>V.</span> <span class='ocrx_word' id='word_1_183' title='bbox 315 2103 346 2133; x_wconf 82' lang='lat'>5.</span> <span class='ocrx_word' id='word_1_184' title='bbox 380 2103 618 2140; x_wconf 79' lang='lat' dir='ltr'>Propterea</span> <span class='ocrx_word' id='word_1_185' title='bbox 651 2102 759 2141; x_wconf 85' lang='lat' dir='ltr'>quod</span> <span class='ocrx_word' id='word_1_186' title='bbox 792 2104 900 2132; x_wconf 84' lang='lat' dir='ltr'>amat</span> <span class='ocrx_word' id='word_1_187' title='bbox 931 2102 981 2131; x_wconf 84' lang='lat' dir='ltr'>fi·</span> 
     </span>
     <span class='ocr_line' id='line_1_26' title="bbox 202 2145 981 2188; baseline -0.001 -12"><span class='ocrx_word' id='word_1_188' title='bbox 202 2145 301 2188; x_wconf 84' lang='lat' dir='ltr'>lius]</span> <span class='ocrx_word' id='word_1_189' title='bbox 332 2148 394 2178; x_wconf 88' lang='lat' dir='ltr'>wie</span> <span class='ocrx_word' id='word_1_190' title='bbox 422 2148 510 2178; x_wconf 90' lang='lat' dir='ltr'>oben</span> <span class='ocrx_word' id='word_1_191' title='bbox 533 2148 558 2176; x_wconf 87' lang='grc' dir='ltr'>Ι.</span> <span class='ocrx_word' id='word_1_192' title='bbox 585 2148 615 2185; x_wconf 85' lang='grc'>2,</span> <span class='ocrx_word' id='word_1_193' title='bbox 642 2148 692 2177; x_wconf 97' lang='grc'>14.</span> <span class='ocrx_word' id='word_1_194' title='bbox 726 2147 830 2176; x_wconf 78' lang='lat' dir='ltr'>Meum</span> <span class='ocrx_word' id='word_1_195' title='bbox 851 2150 981 2185; x_wconf 67' lang='lat' dir='ltr'>quatum</span> 
     </span>
     <span class='ocr_line' id='line_1_27' title="bbox 204 2191 981 2234; baseline 0.001 -13"><span class='ocrx_word' id='word_1_196' title='bbox 204 2202 322 2234; x_wconf 52' lang='lat' dir='ltr'>rumor</span> <span class='ocrx_word' id='word_1_197' title='bbox 337 2196 381 2222; x_wconf 76' lang='lat' dir='ltr'>est</span> <span class='ocrx_word' id='word_1_198' title='bbox 399 2202 519 2222; x_wconf 82' lang='lat' dir='ltr'>amare.</span> <span class='ocrx_word' id='word_1_199' title='bbox 567 2191 681 2223; x_wconf 86' lang='lat' dir='ltr'>Ueber</span> <span class='ocrx_word' id='word_1_200' title='bbox 711 2192 775 2221; x_wconf 88' lang='lat' dir='ltr'>den</span> <span class='ocrx_word' id='word_1_201' title='bbox 801 2192 885 2221; x_wconf 84' lang='lat' dir='ltr'>Vers</span> <span class='ocrx_word' id='word_1_202' title='bbox 910 2191 981 2230; x_wconf 86' lang='lat' dir='ltr'><strong>vgl.</strong></span> 
     </span>
     <span class='ocr_line' id='line_1_28' title="bbox 202 2237 574 2276; baseline 0.003 -9"><span class='ocrx_word' id='word_1_203' title='bbox 202 2239 304 2268; x_wconf 83' lang='lat' dir='ltr'>Brix</span> <span class='ocrx_word' id='word_1_204' title='bbox 321 2247 350 2268; x_wconf 87' lang='grc'>0.</span> <span class='ocrx_word' id='word_1_205' title='bbox 369 2237 408 2267; x_wconf 94' lang='grc' dir='ltr'>Ο.</span> <span class='ocrx_word' id='word_1_206' title='bbox 434 2247 465 2276; x_wconf 92' lang='lat' dir='ltr'><strong>p.</strong></span> <span class='ocrx_word' id='word_1_207' title='bbox 488 2238 505 2267; x_wconf 85' lang='grc'><strong>7</strong></span> <span class='ocrx_word' id='word_1_208' title='bbox 523 2246 574 2276; x_wconf 89' lang='lat' dir='ltr'>sq.</span> 
     </span>
    </p>

    <p class='ocr_par' dir='ltr' id='par_1_4' title="bbox 200 2281 980 2635">
     <span class='ocr_line' id='line_1_29' title="bbox 247 2281 980 2322; baseline -0.001 -10"><span class='ocrx_word' id='word_1_209' title='bbox 247 2283 287 2312; x_wconf 91' lang='lat' dir='ltr'><strong>V.</strong></span> <span class='ocrx_word' id='word_1_210' title='bbox 314 2283 343 2312; x_wconf 85' lang='grc'>7.</span> <span class='ocrx_word' id='word_1_211' title='bbox 375 2283 477 2313; x_wconf 84' lang='lat' dir='ltr'>Nam</span> <span class='ocrx_word' id='word_1_212' title='bbox 504 2291 633 2322; x_wconf 87' lang='lat' dir='ltr'>prope</span> <span class='ocrx_word' id='word_1_213' title='bbox 661 2282 823 2312; x_wconf 89' lang='lat' dir='ltr'>modum</span> <span class='ocrx_word' id='word_1_214' title='bbox 846 2281 980 2311; x_wconf 83' lang='lat' dir='ltr'>habeo</span> 
     </span>
     <span class='ocr_line' id='line_1_30' title="bbox 201 2325 978 2367; baseline -0.003 -10"><span class='ocrx_word' id='word_1_215' title='bbox 201 2328 283 2357; x_wconf 73' lang='lat' dir='ltr'>iam</span> <span class='ocrx_word' id='word_1_216' title='bbox 302 2325 442 2367; x_wconf 81' lang='lat' dir='ltr'>fidem]</span> <span class='ocrx_word' id='word_1_217' title='bbox 471 2327 513 2358; x_wconf 81' lang='lat' dir='ltr'>So</span> <span class='ocrx_word' id='word_1_218' title='bbox 532 2327 588 2357; x_wconf 85' lang='grc' dir='ltr'>11οῐ</span> <span class='ocrx_word' id='word_1_219' title='bbox 604 2326 790 2366; x_wconf 79' lang='lat' dir='ltr'>Bentley</span> <span class='ocrx_word' id='word_1_220' title='bbox 808 2327 869 2356; x_wconf 89' lang='lat' dir='ltr'>mit</span> <span class='ocrx_word' id='word_1_221' title='bbox 887 2326 978 2356; x_wconf 86' lang='lat' dir='ltr'>einer</span> 
     </span>
     <span class='ocr_line' id='line_1_31' title="bbox 201 2372 979 2412; baseline -0.001 -11"><span class='ocrx_word' id='word_1_222' title='bbox 201 2372 313 2401; x_wconf 81' lang='lat' dir='ltr'>seiner</span> <span class='ocrx_word' id='word_1_223' title='bbox 330 2373 475 2402; x_wconf 61' lang='lat' dir='ltr'>altesten</span> <span class='ocrx_word' id='word_1_224' title='bbox 493 2372 571 2402; x_wconf 84' lang='lat' dir='ltr'><strong>Hss.</strong></span> <span class='ocrx_word' id='word_1_225' title='bbox 589 2372 822 2412; x_wconf 82' lang='lat' dir='ltr'>gesehrieben,</span> <span class='ocrx_word' id='word_1_226' title='bbox 847 2372 916 2401; x_wconf 89' lang='lat' dir='ltr'>ihm</span> <span class='ocrx_word' id='word_1_227' title='bbox 934 2372 979 2401; x_wconf 79' lang='lat' dir='ltr'>ist</span> 
     </span>
     <span class='ocr_line' id='line_1_32' title="bbox 201 2416 976 2456; baseline 0 -10"><span class='ocrx_word' id='word_1_228' title='bbox 201 2416 227 2445; x_wconf 85' lang='lat' dir='ltr'><strong>F</strong></span> <span class='ocrx_word' id='word_1_229' title='bbox 238 2416 250 2445; x_wconf 91' lang='lat'><strong>1</strong></span> <span class='ocrx_word' id='word_1_230' title='bbox 263 2425 280 2446; x_wconf 89' lang='grc'>0</span> <span class='ocrx_word' id='word_1_231' title='bbox 291 2426 306 2446; x_wconf 85' lang='grc'>(-</span> <span class='ocrx_word' id='word_1_232' title='bbox 318 2417 341 2446; x_wconf 84' lang='lat' dir='ltr'><strong>k</strong></span> <span class='ocrx_word' id='word_1_233' title='bbox 352 2426 368 2446; x_wconf 87' lang='grc'>0</span> <span class='ocrx_word' id='word_1_234' title='bbox 378 2417 413 2446; x_wconf 84' lang='lat' dir='ltr'>is</span> <span class='ocrx_word' id='word_1_235' title='bbox 424 2426 469 2446; x_wconf 90' lang='lat' dir='ltr'>en</span> <span class='ocrx_word' id='word_1_236' title='bbox 486 2418 627 2455; x_wconf 82' lang='lat' dir='ltr'>gesolgt.</span> <span class='ocrx_word' id='word_1_237' title='bbox 660 2417 726 2446; x_wconf 82' lang='lat' dir='ltr'>Die</span> <span class='ocrx_word' id='word_1_238' title='bbox 743 2417 885 2456; x_wconf 82' lang='lat' dir='ltr'>iibrigen</span> <span class='ocrx_word' id='word_1_239' title='bbox 900 2417 976 2446; x_wconf 82' lang='lat' dir='ltr'><strong>Hss.</strong></span> 
     </span>
     <span class='ocr_line' id='line_1_33' title="bbox 201 2460 976 2497; baseline 0 -7"><span class='ocrx_word' id='word_1_240' title='bbox 201 2462 294 2491; x_wconf 85' lang='lat' dir='ltr'>lesen</span> <span class='ocrx_word' id='word_1_241' title='bbox 310 2460 371 2491; x_wconf 77' lang='lat' dir='ltr'>tibi</span> <span class='ocrx_word' id='word_1_242' title='bbox 384 2460 459 2491; x_wconf 84' lang='lat' dir='ltr'><strong>iam.</strong></span> <span class='ocrx_word' id='word_1_243' title='bbox 493 2462 555 2490; x_wconf 92' lang='lat' dir='ltr'>Um</span> <span class='ocrx_word' id='word_1_244' title='bbox 580 2461 644 2490; x_wconf 90' lang='lat' dir='ltr'>den</span> <span class='ocrx_word' id='word_1_245' title='bbox 661 2462 747 2491; x_wconf 84' lang='lat' dir='ltr'>Vers</span> <span class='ocrx_word' id='word_1_246' title='bbox 770 2471 811 2491; x_wconf 89' lang='lat' dir='ltr'>zu</span> <span class='ocrx_word' id='word_1_247' title='bbox 834 2463 976 2497; x_wconf 83' lang='lat' dir='ltr'>stiitzen‚</span> 
     </span>
     <span class='ocr_line' id='line_1_34' title="bbox 203 2505 977 2544; baseline -0.001 -9"><span class='ocrx_word' id='word_1_248' title='bbox 203 2506 361 2535; x_wconf 81' lang='lat' dir='ltr'>scheinen</span> <span class='ocrx_word' id='word_1_249' title='bbox 381 2506 492 2544; x_wconf 87' lang='lat' dir='ltr'>einige</span> <span class='ocrx_word' id='word_1_250' title='bbox 510 2505 737 2536; x_wconf 83' lang='lat' dir='ltr'>Abschreiber</span> <span class='ocrx_word' id='word_1_251' title='bbox 753 2505 879 2543; x_wconf 72' lang='lat' dir='ltr'>aqnosti</span> <span class='ocrx_word' id='word_1_252' title='bbox 892 2508 977 2535; x_wconf 83' lang='lat' dir='ltr'>statt</span> 
     </span>
     <span class='ocr_line' id='line_1_35' title="bbox 200 2550 977 2589; baseline 0 -10"><span class='ocrx_word' id='word_1_253' title='bbox 200 2550 340 2589; x_wconf 73' lang='lat' dir='ltr'>coqnesti</span> <span class='ocrx_word' id='word_1_254' title='bbox 354 2551 397 2579; x_wconf 88' lang='lat' dir='ltr'>im</span> <span class='ocrx_word' id='word_1_255' title='bbox 411 2550 608 2588; x_wconf 84' lang='lat' dir='ltr'>Folgenden</span> <span class='ocrx_word' id='word_1_256' title='bbox 625 2551 845 2588; x_wconf 80' lang='lat' dir='ltr'>gesehrieben</span> <span class='ocrx_word' id='word_1_257' title='bbox 863 2560 902 2579; x_wconf 87' lang='lat' dir='ltr'>zu</span> <span class='ocrx_word' id='word_1_258' title='bbox 919 2551 977 2579; x_wconf 86' lang='lat' dir='ltr'>ha-</span> 
     </span>
     <span class='ocr_line' id='line_1_36' title="bbox 200 2595 975 2635; baseline -0.004 -9"><span class='ocrx_word' id='word_1_259' title='bbox 200 2595 276 2635; x_wconf 88' lang='lat' dir='ltr'>ben,</span> <span class='ocrx_word' id='word_1_260' title='bbox 286 2596 447 2625; x_wconf 83' lang='lat' dir='ltr'>woselbst</span> <span class='ocrx_word' id='word_1_261' title='bbox 459 2595 511 2624; x_wconf 90' lang='lat' dir='ltr'>die</span> <span class='ocrx_word' id='word_1_262' title='bbox 525 2595 633 2625; x_wconf 59' lang='lat' dir='ltr'>altem</span> <span class='ocrx_word' id='word_1_263' title='bbox 641 2595 718 2624; x_wconf 80' lang='lat' dir='ltr'><strong>Hss.</strong></span> <span class='ocrx_word' id='word_1_264' title='bbox 727 2595 975 2633; x_wconf 75' lang='lat' dir='ltr'>coynostilesen.</span> 
     </span>
    </p>
   </div>
   <div class='ocr_carea' id='block_1_4' title="bbox 200 2651 977 2997">
    <p class='ocr_par' dir='ltr' id='par_1_5' title="bbox 200 2651 977 2997">
     <span class='ocr_line' id='line_1_37' title="bbox 245 2651 975 2690; baseline -0.004 -8"><span class='ocrx_word' id='word_1_265' title='bbox 245 2652 286 2682; x_wconf 92' lang='lat' dir='ltr'>V.</span> <span class='ocrx_word' id='word_1_266' title='bbox 306 2653 358 2682; x_wconf 89' lang='grc'>10.</span> <span class='ocrx_word' id='word_1_267' title='bbox 384 2652 611 2690; x_wconf 84' lang='lat' dir='ltr'><strong>Numquam</strong></span> <span class='ocrx_word' id='word_1_268' title='bbox 632 2651 747 2680; x_wconf 80' lang='lat' dir='ltr'>istuc</span> <span class='ocrx_word' id='word_1_269' title='bbox 765 2651 883 2689; x_wconf 90' lang='lat' dir='ltr'>quivi</span> <span class='ocrx_word' id='word_1_270' title='bbox 902 2659 975 2687; x_wconf 73' lang='lat' dir='ltr'>ego</span> 
     </span>
     <span class='ocr_line' id='line_1_38' title="bbox 201 2693 976 2736; baseline -0.005 -9"><span class='ocrx_word' id='word_1_271' title='bbox 201 2693 488 2736; x_wconf 84' lang='lat' dir='ltr'>intellegere]</span> <span class='ocrx_word' id='word_1_272' title='bbox 524 2695 566 2726; x_wconf 86' lang='lat' dir='ltr'>So</span> <span class='ocrx_word' id='word_1_273' title='bbox 591 2696 660 2726; x_wconf 85' lang='lat' dir='ltr'>alle</span> <span class='ocrx_word' id='word_1_274' title='bbox 677 2696 753 2726; x_wconf 82' lang='lat' dir='ltr'><strong>Hss.</strong></span> <span class='ocrx_word' id='word_1_275' title='bbox 773 2695 827 2725; x_wconf 87' lang='lat' dir='ltr'>bei</span> <span class='ocrx_word' id='word_1_276' title='bbox 851 2695 976 2724; x_wconf 72' lang='lat' dir='ltr'>Faer-</span> 
     </span>
     <span class='ocr_line' id='line_1_39' title="bbox 200 2741 975 2778; baseline -0.003 -7"><span class='ocrx_word' id='word_1_277' title='bbox 200 2752 275 2772; x_wconf 81' lang='lat' dir='ltr'>nus</span> <span class='ocrx_word' id='word_1_278' title='bbox 306 2743 376 2772; x_wconf 90' lang='lat' dir='ltr'>und</span> <span class='ocrx_word' id='word_1_279' title='bbox 404 2741 458 2772; x_wconf 90' lang='lat' dir='ltr'>die</span> <span class='ocrx_word' id='word_1_280' title='bbox 487 2741 662 2771; x_wconf 76' lang='lat' dir='ltr'>Mehrzahl</span> <span class='ocrx_word' id='word_1_281' title='bbox 690 2741 746 2771; x_wconf 91' lang='lat' dir='ltr'>bei</span> <span class='ocrx_word' id='word_1_282' title='bbox 778 2741 975 2778; x_wconf 85' lang='lat' dir='ltr'>Bentley.</span> 
     </span>
     <span class='ocr_line' id='line_1_40' title="bbox 201 2783 977 2825; baseline -0.004 -8"><span class='ocrx_word' id='word_1_283' title='bbox 201 2787 291 2817; x_wconf 90' lang='lat' dir='ltr'>Zwei</span> <span class='ocrx_word' id='word_1_284' title='bbox 313 2787 390 2817; x_wconf 81' lang='lat' dir='ltr'><strong>Hss.</strong></span> <span class='ocrx_word' id='word_1_285' title='bbox 422 2783 637 2825; x_wconf 86' lang='lat' dir='ltr'>Bentley’s</span> <span class='ocrx_word' id='word_1_286' title='bbox 666 2786 790 2815; x_wconf 80' lang='lat' dir='ltr'>stellen</span> <span class='ocrx_word' id='word_1_287' title='bbox 819 2794 889 2814; x_wconf 91' lang='lat' dir='ltr'>um:</span> <span class='ocrx_word' id='word_1_288' title='bbox 922 2794 977 2822; x_wconf 73' lang='grc'>090</span> 
     </span>
     <span class='ocr_line' id='line_1_41' title="bbox 200 2829 976 2870; baseline -0.004 -8"><span class='ocrx_word' id='word_1_289' title='bbox 200 2832 278 2862; x_wconf 78' lang='lat' dir='ltr'>istuc</span> <span class='ocrx_word' id='word_1_290' title='bbox 306 2831 411 2870; x_wconf 75' lang='lat' dir='ltr'>quivi,</span> <span class='ocrx_word' id='word_1_291' title='bbox 445 2833 518 2861; x_wconf 88' lang='lat' dir='ltr'>eine</span> <span class='ocrx_word' id='word_1_292' title='bbox 548 2831 645 2861; x_wconf 80' lang='lat' dir='ltr'>liest:</span> <span class='ocrx_word' id='word_1_293' title='bbox 683 2830 762 2861; x_wconf 75' lang='lat' dir='ltr'>istuc</span> <span class='ocrx_word' id='word_1_294' title='bbox 791 2839 845 2868; x_wconf 78' lang='grc'>090</span> <span class='ocrx_word' id='word_1_295' title='bbox 873 2829 976 2868; x_wconf 79' lang='lat' dir='ltr'>quivi,</span> 
     </span>
     <span class='ocr_line' id='line_1_42' title="bbox 201 2874 977 2916; baseline -0.004 -10"><span class='ocrx_word' id='word_1_296' title='bbox 201 2886 268 2907; x_wconf 84' lang='lat' dir='ltr'>was</span> <span class='ocrx_word' id='word_1_297' title='bbox 297 2877 482 2916; x_wconf 83' lang='lat' dir='ltr'>Bentley</span> <span class='ocrx_word' id='word_1_298' title='bbox 513 2876 680 2907; x_wconf 83' lang='lat' dir='ltr'>aufnahm.</span> <span class='ocrx_word' id='word_1_299' title='bbox 729 2876 844 2914; x_wconf 82' lang='lat' dir='ltr'><strong>Vergl.</strong></span> <span class='ocrx_word' id='word_1_300' title='bbox 876 2874 977 2904; x_wconf 85' lang='lat' dir='ltr'>Brix</span> 
     </span>
     <span class='ocr_line' id='line_1_43' title="bbox 202 2919 977 2960; baseline -0.001 -10"><span class='ocrx_word' id='word_1_301' title='bbox 202 2931 230 2950; x_wconf 83' lang='lat' dir='ltr'>a.</span> <span class='ocrx_word' id='word_1_302' title='bbox 257 2921 297 2952; x_wconf 93' lang='lat' dir='ltr'>O.</span> <span class='ocrx_word' id='word_1_303' title='bbox 326 2931 362 2960; x_wconf 88' lang='lat' dir='ltr'>p.</span> <span class='ocrx_word' id='word_1_304' title='bbox 388 2922 439 2951; x_wconf 85' lang='lat'>13.</span> <span class='ocrx_word' id='word_1_305' title='bbox 479 2931 533 2960; x_wconf 74' lang='lat' dir='ltr'>eyo</span> <span class='ocrx_word' id='word_1_306' title='bbox 562 2922 645 2952; x_wconf 85' lang='lat' dir='ltr'>fehlt</span> <span class='ocrx_word' id='word_1_307' title='bbox 673 2922 707 2951; x_wconf 86' lang='lat' dir='ltr'>in</span> <span class='ocrx_word' id='word_1_308' title='bbox 738 2921 869 2959; x_wconf 87' lang='lat' dir='ltr'>einigen</span> <span class='ocrx_word' id='word_1_309' title='bbox 897 2919 977 2950; x_wconf 84' lang='lat' dir='ltr'><strong>Hss.</strong></span> 
     </span>
     <span class='ocr_line' id='line_1_44' title="bbox 202 2964 977 2997; baseline 0 -2"><span class='ocrx_word' id='word_1_310' title='bbox 202 2965 256 2995; x_wconf 84' lang='lat' dir='ltr'>bei</span> <span class='ocrx_word' id='word_1_311' title='bbox 284 2966 431 2996; x_wconf 84' lang='lat' dir='ltr'>Bothe.</span> <span class='ocrx_word' id='word_1_312' title='bbox 457 2981 498 2988; x_wconf 91' lang='lat'><em>-</em></span> <span class='ocrx_word' id='word_1_313' title='bbox 524 2967 601 2996; x_wconf 85' lang='lat' dir='ltr'>vah</span> <span class='ocrx_word' id='word_1_314' title='bbox 631 2965 864 2997; x_wconf 83' lang='lat' dir='ltr'>consilium</span> <span class='ocrx_word' id='word_1_315' title='bbox 894 2964 977 2995; x_wconf 83' lang='lat' dir='ltr'>cal-</span> 
     </span>
    </p>
   </div>
   <div class='ocr_carea' id='block_1_5' title="bbox 1050 1771 1823 1816">
    <p class='ocr_par' dir='ltr' id='par_1_6' title="bbox 1050 1771 1823 1816">
     <span class='ocr_line' id='line_1_45' title="bbox 1050 1771 1823 1816; baseline -0.001 -11"><span class='ocrx_word' id='word_1_316' title='bbox 1050 1776 1061 1805; x_wconf 94' lang='lat'><strong>1</strong></span> <span class='ocrx_word' id='word_1_317' title='bbox 1073 1776 1081 1805; x_wconf 87' lang='lat' dir='ltr'>i</span> <span class='ocrx_word' id='word_1_318' title='bbox 1092 1776 1112 1805; x_wconf 91' lang='lat' dir='ltr'>d</span> <span class='ocrx_word' id='word_1_319' title='bbox 1122 1785 1143 1805; x_wconf 94' lang='lat' dir='ltr'>u</span> <span class='ocrx_word' id='word_1_320' title='bbox 1152 1771 1197 1816; x_wconf 93' lang='lat' dir='ltr'>m]</span> <span class='ocrx_word' id='word_1_321' title='bbox 1218 1776 1345 1816; x_wconf 82' lang='lat' dir='ltr'>Davus,</span> <span class='ocrx_word' id='word_1_322' title='bbox 1359 1776 1479 1805; x_wconf 86' lang='lat' dir='ltr'>immer</span> <span class='ocrx_word' id='word_1_323' title='bbox 1493 1774 1579 1804; x_wconf 82' lang='lat' dir='ltr'>noch</span> <span class='ocrx_word' id='word_1_324' title='bbox 1596 1775 1708 1804; x_wconf 79' lang='lat' dir='ltr'>seiner</span> <span class='ocrx_word' id='word_1_325' title='bbox 1717 1774 1823 1805; x_wconf 85' lang='lat' dir='ltr'>Saehe</span> 
     </span>
    </p>
   </div>
   <div class='ocr_carea' id='block_1_6' title="bbox 1050 1819 1895 1859">
    <p class='ocr_par' dir='ltr' id='par_1_7' title="bbox 1050 1819 1895 1859">
     <span class='ocr_line' id='line_1_46' title="bbox 1050 1819 1895 1859; baseline -0.004 -8"><span class='ocrx_word' id='word_1_326' title='bbox 1050 1821 1183 1859; x_wconf 81' lang='lat' dir='ltr'>gewiss,</span> <span class='ocrx_word' id='word_1_327' title='bbox 1200 1821 1299 1851; x_wconf 84' lang='lat' dir='ltr'>weiss</span> <span class='ocrx_word' id='word_1_328' title='bbox 1315 1821 1401 1859; x_wconf 86' lang='lat' dir='ltr'>jetzt</span> <span class='ocrx_word' id='word_1_329' title='bbox 1418 1820 1501 1850; x_wconf 82' lang='lat' dir='ltr'>noch</span> <span class='ocrx_word' id='word_1_330' title='bbox 1517 1819 1606 1850; x_wconf 79' lang='lat' dir='ltr'>SImo</span> <span class='ocrx_word' id='word_1_331' title='bbox 1623 1819 1684 1849; x_wconf 88' lang='lat' dir='ltr'>mit</span> <span class='ocrx_word' id='word_1_332' title='bbox 1696 1819 1769 1848; x_wconf 88' lang='lat' dir='ltr'>Lob</span> <span class='ocrx_word' id='word_1_333' title='bbox 1784 1828 1825 1849; x_wconf 90' lang='lat' dir='ltr'>zu</span> <span class='ocrx_word' id='word_1_334' title='bbox 1890 1837 1895 1841; x_wconf 82' lang='lat'><strong>·</strong></span> 
     </span>
    </p>
   </div>
   <div class='ocr_carea' id='block_1_7' title="bbox 1048 1864 1824 2218">
    <p class='ocr_par' dir='ltr' id='par_1_8' title="bbox 1048 1864 1824 1941">
     <span class='ocr_line' id='line_1_47' title="bbox 1049 1864 1824 1906; baseline -0.003 -10"><span class='ocrx_word' id='word_1_335' title='bbox 1049 1866 1174 1896; x_wconf 87' lang='lat' dir='ltr'>kirren.</span> <span class='ocrx_word' id='word_1_336' title='bbox 1200 1866 1288 1895; x_wconf 79' lang='lat' dir='ltr'>Bald</span> <span class='ocrx_word' id='word_1_337' title='bbox 1302 1866 1392 1896; x_wconf 81' lang='lat' dir='ltr'>sieht</span> <span class='ocrx_word' id='word_1_338' title='bbox 1406 1874 1441 1894; x_wconf 87' lang='lat' dir='ltr'>er</span> <span class='ocrx_word' id='word_1_339' title='bbox 1456 1865 1508 1906; x_wconf 84' lang='lat' dir='ltr'>die</span> <span class='ocrx_word' id='word_1_340' title='bbox 1521 1864 1625 1896; x_wconf 82' lang='lat' dir='ltr'>Saehe</span> <span class='ocrx_word' id='word_1_341' title='bbox 1639 1865 1672 1894; x_wconf 85' lang='lat' dir='ltr'>in</span> <span class='ocrx_word' id='word_1_342' title='bbox 1687 1864 1824 1895; x_wconf 80' lang='lat' dir='ltr'>andrem</span> 
     </span>
     <span class='ocr_line' id='line_1_48' title="bbox 1048 1911 1180 1941; baseline 0.008 -1"><span class='ocrx_word' id='word_1_343' title='bbox 1048 1911 1180 1941; x_wconf 81' lang='lat' dir='ltr'>Liehte.</span> 
     </span>
    </p>

    <p class='ocr_par' dir='ltr' id='par_1_9' title="bbox 1049 1950 1824 2218">
     <span class='ocr_line' id='line_1_49' title="bbox 1095 1950 1823 1994; baseline -0.001 -10"><span class='ocrx_word' id='word_1_344' title='bbox 1095 1956 1136 1986; x_wconf 95' lang='lat' dir='ltr'>V.</span> <span class='ocrx_word' id='word_1_345' title='bbox 1156 1956 1207 1985; x_wconf 80' lang='lat'>12.</span> <span class='ocrx_word' id='word_1_346' title='bbox 1240 1956 1442 1985; x_wconf 80' lang='lat' dir='ltr'><strong>Numnam</strong></span> <span class='ocrx_word' id='word_1_347' title='bbox 1467 1950 1673 1994; x_wconf 79' lang='lat' dir='ltr'>perimus]</span> <span class='ocrx_word' id='word_1_348' title='bbox 1709 1954 1751 1984; x_wconf 88' lang='lat' dir='ltr'>So</span> <span class='ocrx_word' id='word_1_349' title='bbox 1770 1953 1823 1984; x_wconf 86' lang='lat' dir='ltr'>die</span> 
     </span>
     <span class='ocr_line' id='line_1_50' title="bbox 1049 1999 1824 2030; baseline -0.003 0"><span class='ocrx_word' id='word_1_350' title='bbox 1049 2002 1180 2030; x_wconf 72' lang='lat' dir='ltr'>alteren</span> <span class='ocrx_word' id='word_1_351' title='bbox 1198 2001 1275 2030; x_wconf 81' lang='lat' dir='ltr'><strong>Hss.</strong></span> <span class='ocrx_word' id='word_1_352' title='bbox 1300 1999 1357 2029; x_wconf 90' lang='lat' dir='ltr'>bei</span> <span class='ocrx_word' id='word_1_353' title='bbox 1383 2000 1571 2029; x_wconf 68' lang='lat' dir='ltr'>Faernus</span> <span class='ocrx_word' id='word_1_354' title='bbox 1595 2008 1632 2029; x_wconf 87' lang='lat' dir='ltr'>so</span> <span class='ocrx_word' id='word_1_355' title='bbox 1656 1999 1720 2029; x_wconf 84' lang='lat' dir='ltr'>wie</span> <span class='ocrx_word' id='word_1_356' title='bbox 1745 1999 1824 2029; x_wconf 94' lang='lat' dir='ltr'>Do-</span> 
     </span>
     <span class='ocr_line' id='line_1_51' title="bbox 1049 2044 1823 2083; baseline -0.003 -8"><span class='ocrx_word' id='word_1_357' title='bbox 1049 2049 1196 2083; x_wconf 69' lang='lat' dir='ltr'>natus,</span> <span class='ocrx_word' id='word_1_358' title='bbox 1226 2045 1310 2074; x_wconf 86' lang='lat' dir='ltr'>auch</span> <span class='ocrx_word' id='word_1_359' title='bbox 1326 2045 1392 2074; x_wconf 86' lang='lat' dir='ltr'>wol</span> <span class='ocrx_word' id='word_1_360' title='bbox 1412 2045 1465 2074; x_wconf 89' lang='lat' dir='ltr'>die</span> <span class='ocrx_word' id='word_1_361' title='bbox 1481 2044 1560 2074; x_wconf 81' lang='lat' dir='ltr'><strong>Hss.</strong></span> <span class='ocrx_word' id='word_1_362' title='bbox 1578 2044 1823 2082; x_wconf 82' lang='lat' dir='ltr'>Bentley’s,</span> 
     </span>
     <span class='ocr_line' id='line_1_52' title="bbox 1050 2087 1823 2129; baseline -0.003 -9"><span class='ocrx_word' id='word_1_363' title='bbox 1050 2091 1109 2120; x_wconf 85' lang='lat' dir='ltr'>der</span> <span class='ocrx_word' id='word_1_364' title='bbox 1122 2090 1250 2129; x_wconf 86' lang='lat' dir='ltr'>jedoeh</span> <span class='ocrx_word' id='word_1_365' title='bbox 1267 2089 1328 2119; x_wconf 86' lang='lat' dir='ltr'>mit</span> <span class='ocrx_word' id='word_1_366' title='bbox 1351 2089 1478 2119; x_wconf 85' lang='lat' dir='ltr'>andren</span> <span class='ocrx_word' id='word_1_367' title='bbox 1494 2089 1572 2118; x_wconf 84' lang='lat' dir='ltr'><strong>Hss.</strong></span> <span class='ocrx_word' id='word_1_368' title='bbox 1591 2087 1746 2126; x_wconf 77' lang='lat' dir='ltr'>periimus</span> <span class='ocrx_word' id='word_1_369' title='bbox 1767 2097 1823 2126; x_wconf 84' lang='lat' dir='ltr'>ge-</span> 
     </span>
     <span class='ocr_line' id='line_1_53' title="bbox 1049 2133 1824 2173; baseline 0 -8"><span class='ocrx_word' id='word_1_370' title='bbox 1049 2134 1227 2165; x_wconf 83' lang='lat' dir='ltr'>sehrieben</span> <span class='ocrx_word' id='word_1_371' title='bbox 1251 2135 1317 2164; x_wconf 84' lang='lat' dir='ltr'>hat.</span> <span class='ocrx_word' id='word_1_372' title='bbox 1343 2150 1386 2154; x_wconf 97' lang='lat'><strong>—</strong></span> <span class='ocrx_word' id='word_1_373' title='bbox 1411 2142 1514 2173; x_wconf 88' lang='lat' dir='ltr'>quae</span> <span class='ocrx_word' id='word_1_374' title='bbox 1543 2133 1697 2163; x_wconf 90' lang='lat' dir='ltr'>dudum</span> <span class='ocrx_word' id='word_1_375' title='bbox 1725 2141 1824 2165; x_wconf 83' lang='lat' dir='ltr'>nar-</span> 
     </span>
     <span class='ocr_line' id='line_1_54' title="bbox 1049 2176 1619 2218; baseline -0.004 -8"><span class='ocrx_word' id='word_1_376' title='bbox 1049 2180 1158 2210; x_wconf 78' lang='lat' dir='ltr'>rasti</span> <span class='ocrx_word' id='word_1_377' title='bbox 1182 2176 1296 2218; x_wconf 88' lang='lat' dir='ltr'>mihi]</span> <span class='ocrx_word' id='word_1_378' title='bbox 1325 2178 1422 2209; x_wconf 90' lang='lat' dir='ltr'>Oben</span> <span class='ocrx_word' id='word_1_379' title='bbox 1438 2179 1497 2208; x_wconf 91' lang='lat'><strong>111.</strong></span> <span class='ocrx_word' id='word_1_380' title='bbox 1516 2179 1546 2217; x_wconf 82' lang='lat'>2,</span> <span class='ocrx_word' id='word_1_381' title='bbox 1565 2179 1619 2208; x_wconf 82' lang='lat'>28.</span> 
     </span>
    </p>
   </div>
   <div class='ocr_carea' id='block_1_8' title="bbox 1044 2233 1825 3003">
    <p class='ocr_par' dir='ltr' id='par_1_10' title="bbox 1044 2233 1825 2901">
     <span class='ocr_line' id='line_1_55' title="bbox 1095 2233 1825 2274; baseline -0.003 -9"><span class='ocrx_word' id='word_1_382' title='bbox 1095 2236 1133 2265; x_wconf 92' lang='lat' dir='ltr'>V.</span> <span class='ocrx_word' id='word_1_383' title='bbox 1161 2237 1213 2267; x_wconf 84' lang='lat'>13.</span> <span class='ocrx_word' id='word_1_384' title='bbox 1246 2235 1455 2274; x_wconf 78' lang='lat' dir='ltr'>Quidnam</span> <span class='ocrx_word' id='word_1_385' title='bbox 1481 2234 1649 2265; x_wconf 80' lang='lat' dir='ltr'>audio?:</span> <span class='ocrx_word' id='word_1_386' title='bbox 1682 2233 1825 2272; x_wconf 80' lang='lat' dir='ltr'>Legitur</span> 
     </span>
     <span class='ocr_line' id='line_1_56' title="bbox 1051 2276 1825 2311; baseline -0.003 -1"><span class='ocrx_word' id='word_1_387' title='bbox 1051 2284 1084 2311; x_wconf 90' lang='lat' dir='ltr'>et</span> <span class='ocrx_word' id='word_1_388' title='bbox 1102 2281 1280 2311; x_wconf 79' lang='lat' dir='ltr'>audiam.</span> <span class='ocrx_word' id='word_1_389' title='bbox 1312 2279 1497 2310; x_wconf 80' lang='lat' dir='ltr'>Menander</span> <span class='ocrx_word' id='word_1_390' title='bbox 1514 2279 1601 2309; x_wconf 85' lang='lat' dir='ltr'>enim</span> <span class='ocrx_word' id='word_1_391' title='bbox 1619 2279 1668 2310; x_wconf 83' lang='lat' dir='ltr'>sie</span> <span class='ocrx_word' id='word_1_392' title='bbox 1684 2279 1750 2309; x_wconf 82' lang='lat' dir='ltr'>ait:</span> <span class='ocrx_word' id='word_1_393' title='bbox 1780 2276 1825 2309; x_wconf 65' lang='lat' dir='ltr'>Ti</span> 
     </span>
     <span class='ocr_line' id='line_1_57' title="bbox 1049 2319 1824 2368; baseline -0.004 -11"><span class='ocrx_word' id='word_1_394' title='bbox 1049 2320 1089 2368; x_wconf 75' lang='grc' dir='ltr'>δή</span> <span class='ocrx_word' id='word_1_395' title='bbox 1106 2321 1183 2356; x_wconf 72' lang='grc' dir='ltr'><strong>ποτ’</strong></span> <span class='ocrx_word' id='word_1_396' title='bbox 1203 2319 1361 2362; x_wconf 49' lang='grc' dir='ltr'>ἀκούσω,-</span> <span class='ocrx_word' id='word_1_397' title='bbox 1378 2324 1600 2356; x_wconf 85' lang='lat' dir='ltr'><strong>DONATUS.</strong></span> <span class='ocrx_word' id='word_1_398' title='bbox 1624 2333 1650 2355; x_wconf 80' lang='lat' dir='ltr'>s.</span> <span class='ocrx_word' id='word_1_399' title='bbox 1667 2325 1708 2354; x_wconf 90' lang='lat' dir='ltr'>A.</span> <span class='ocrx_word' id='word_1_400' title='bbox 1723 2323 1824 2354; x_wconf 80' lang='lat' dir='ltr'>Mei-</span> 
     </span>
     <span class='ocr_line' id='line_1_58' title="bbox 1048 2369 1823 2409; baseline -0.001 -8"><span class='ocrx_word' id='word_1_401' title='bbox 1048 2382 1068 2401; x_wconf 90' lang='lat' dir='ltr'>n</span> <span class='ocrx_word' id='word_1_402' title='bbox 1080 2381 1096 2401; x_wconf 94' lang='lat' dir='ltr'>e</span> <span class='ocrx_word' id='word_1_403' title='bbox 1106 2372 1130 2401; x_wconf 93' lang='lat' dir='ltr'><strong>k</strong></span> <span class='ocrx_word' id='word_1_404' title='bbox 1140 2381 1156 2401; x_wconf 92' lang='lat' dir='ltr'>e</span> <span class='ocrx_word' id='word_1_405' title='bbox 1173 2371 1301 2409; x_wconf 72' lang='lat' dir='ltr'><strong>Fraym.</strong></span> <span class='ocrx_word' id='word_1_406' title='bbox 1317 2369 1423 2400; x_wconf 81' lang='lat' dir='ltr'>comic.</span> <span class='ocrx_word' id='word_1_407' title='bbox 1435 2369 1549 2400; x_wconf 69' lang='lat' dir='ltr'><strong>Graec.</strong></span> <span class='ocrx_word' id='word_1_408' title='bbox 1566 2370 1634 2399; x_wconf 88' lang='lat' dir='ltr'><strong>vol.</strong></span> <span class='ocrx_word' id='word_1_409' title='bbox 1647 2370 1705 2399; x_wconf 91' lang='lat' dir='ltr'>IV.</span> <span class='ocrx_word' id='word_1_410' title='bbox 1723 2378 1756 2407; x_wconf 85' lang='lat' dir='ltr'>p.</span> <span class='ocrx_word' id='word_1_411' title='bbox 1770 2369 1823 2400; x_wconf 86' lang='lat'>83.</span> 
     </span>
     <span class='ocr_line' id='line_1_59' title="bbox 1047 2413 1822 2454; baseline -0.005 -8"><span class='ocrx_word' id='word_1_412' title='bbox 1047 2417 1074 2446; x_wconf 92' lang='lat' dir='ltr'><strong>B</strong></span> <span class='ocrx_word' id='word_1_413' title='bbox 1085 2426 1101 2446; x_wconf 88' lang='lat' dir='ltr'>e</span> <span class='ocrx_word' id='word_1_414' title='bbox 1111 2426 1131 2445; x_wconf 95' lang='lat' dir='ltr'>n</span> <span class='ocrx_word' id='word_1_415' title='bbox 1141 2420 1154 2445; x_wconf 89' lang='lat' dir='ltr'>t</span> <span class='ocrx_word' id='word_1_416' title='bbox 1164 2417 1176 2445; x_wconf 90' lang='lat'><strong>1</strong></span> <span class='ocrx_word' id='word_1_417' title='bbox 1186 2426 1202 2446; x_wconf 89' lang='lat' dir='ltr'>e</span> <span class='ocrx_word' id='word_1_418' title='bbox 1213 2426 1235 2454; x_wconf 89' lang='lat' dir='ltr'>y</span> <span class='ocrx_word' id='word_1_419' title='bbox 1259 2416 1351 2445; x_wconf 70' lang='lat' dir='ltr'>hatte</span> <span class='ocrx_word' id='word_1_420' title='bbox 1368 2413 1497 2444; x_wconf 81' lang='lat' dir='ltr'>audiam</span> <span class='ocrx_word' id='word_1_421' title='bbox 1513 2414 1606 2443; x_wconf 86' lang='lat' dir='ltr'>nicht</span> <span class='ocrx_word' id='word_1_422' title='bbox 1623 2414 1822 2445; x_wconf 84' lang='lat' dir='ltr'>aufnehmen</span> 
     </span>
     <span class='ocr_line' id='line_1_60' title="bbox 1047 2458 1823 2499; baseline -0.004 -9"><span class='ocrx_word' id='word_1_423' title='bbox 1047 2462 1176 2499; x_wconf 80' lang='lat' dir='ltr'>sollen3</span> <span class='ocrx_word' id='word_1_424' title='bbox 1207 2461 1296 2490; x_wconf 87' lang='lat' dir='ltr'>denn</span> <span class='ocrx_word' id='word_1_425' title='bbox 1318 2460 1352 2489; x_wconf 89' lang='grc'>111</span> <span class='ocrx_word' id='word_1_426' title='bbox 1374 2460 1525 2489; x_wconf 81' lang='grc'>0010110111</span> <span class='ocrx_word' id='word_1_427' title='bbox 1541 2458 1638 2488; x_wconf 79' lang='lat' dir='ltr'>Falle</span> <span class='ocrx_word' id='word_1_428' title='bbox 1655 2458 1745 2488; x_wconf 88' lang='lat' dir='ltr'>kann</span> <span class='ocrx_word' id='word_1_429' title='bbox 1763 2458 1823 2487; x_wconf 86' lang='lat' dir='ltr'>der</span> 
     </span>
     <span class='ocr_line' id='line_1_61' title="bbox 1046 2502 1822 2543; baseline -0.004 -8"><span class='ocrx_word' id='word_1_430' title='bbox 1046 2506 1256 2543; x_wconf 82' lang='lat' dir='ltr'>griechische</span> <span class='ocrx_word' id='word_1_431' title='bbox 1268 2505 1351 2534; x_wconf 84' lang='lat' dir='ltr'>Text</span> <span class='ocrx_word' id='word_1_432' title='bbox 1367 2502 1720 2541; x_wconf 77' lang='lat' dir='ltr'>nicht-maassgebend</span> <span class='ocrx_word' id='word_1_433' title='bbox 1738 2502 1822 2532; x_wconf 81' lang='lat' dir='ltr'>sein.</span> 
     </span>
     <span class='ocr_line' id='line_1_62' title="bbox 1045 2547 1821 2587; baseline -0.004 -8"><span class='ocrx_word' id='word_1_434' title='bbox 1045 2551 1093 2579; x_wconf 89' lang='lat' dir='ltr'>Im</span> <span class='ocrx_word' id='word_1_435' title='bbox 1118 2548 1314 2587; x_wconf 85' lang='lat' dir='ltr'>Folgenden</span> <span class='ocrx_word' id='word_1_436' title='bbox 1342 2548 1492 2578; x_wconf 83' lang='lat' dir='ltr'>schreibt</span> <span class='ocrx_word' id='word_1_437' title='bbox 1519 2547 1547 2576; x_wconf 90' lang='grc' dir='ltr'>Β</span> <span class='ocrx_word' id='word_1_438' title='bbox 1559 2548 1709 2586; x_wconf 87' lang='lat' dir='ltr'>entley</span> <span class='ocrx_word' id='word_1_439' title='bbox 1736 2547 1821 2576; x_wconf 88' lang='grc'>110011</span> 
     </span>
     <span class='ocr_line' id='line_1_63' title="bbox 1047 2590 1823 2630; baseline -0.003 -7"><span class='ocrx_word' id='word_1_440' title='bbox 1047 2595 1140 2624; x_wconf 89' lang='lat' dir='ltr'>einer</span> <span class='ocrx_word' id='word_1_441' title='bbox 1158 2594 1269 2624; x_wconf 80' lang='lat' dir='ltr'>seiner</span> <span class='ocrx_word' id='word_1_442' title='bbox 1285 2593 1363 2622; x_wconf 81' lang='lat' dir='ltr'><strong>Hss.</strong></span> <span class='ocrx_word' id='word_1_443' title='bbox 1382 2591 1427 2622; x_wconf 73' lang='lat' dir='ltr'><strong>Si.</strong></span> <span class='ocrx_word' id='word_1_444' title='bbox 1453 2590 1554 2630; x_wconf 86' lang='lat' dir='ltr'>Hem,</span> <span class='ocrx_word' id='word_1_445' title='bbox 1585 2591 1670 2628; x_wconf 75' lang='lat' dir='ltr'>Quid</span> <span class='ocrx_word' id='word_1_446' title='bbox 1690 2590 1823 2622; x_wconf 66' lang='lat' dir='ltr'>dimisti?</span> 
     </span>
     <span class='ocr_line' id='line_1_64' title="bbox 1046 2637 1822 2677; baseline 0.001 -10"><span class='ocrx_word' id='word_1_447' title='bbox 1046 2639 1118 2668; x_wconf 85' lang='lat' dir='ltr'>Ihm</span> <span class='ocrx_word' id='word_1_448' title='bbox 1143 2639 1247 2677; x_wconf 80' lang='lat' dir='ltr'>folgte</span> <span class='ocrx_word' id='word_1_449' title='bbox 1277 2638 1304 2667; x_wconf 93' lang='lat' dir='ltr'>B</span> <span class='ocrx_word' id='word_1_450' title='bbox 1317 2638 1419 2667; x_wconf 85' lang='lat' dir='ltr'>othe</span> <span class='ocrx_word' id='word_1_451' title='bbox 1447 2637 1516 2667; x_wconf 91' lang='lat' dir='ltr'>und</span> <span class='ocrx_word' id='word_1_452' title='bbox 1544 2637 1822 2668; x_wconf 73' lang='lat' dir='ltr'>Fleckeisen.</span> 
     </span>
     <span class='ocr_line' id='line_1_65' title="bbox 1045 2682 1822 2721; baseline 0 -9"><span class='ocrx_word' id='word_1_453' title='bbox 1045 2683 1111 2712; x_wconf 89' lang='lat' dir='ltr'>Die</span> <span class='ocrx_word' id='word_1_454' title='bbox 1141 2683 1286 2721; x_wconf 86' lang='lat' dir='ltr'>iibrigen</span> <span class='ocrx_word' id='word_1_455' title='bbox 1307 2682 1385 2713; x_wconf 82' lang='lat' dir='ltr'><strong>Hss.</strong></span> <span class='ocrx_word' id='word_1_456' title='bbox 1407 2683 1475 2712; x_wconf 91' lang='lat' dir='ltr'>und</span> <span class='ocrx_word' id='word_1_457' title='bbox 1500 2683 1700 2713; x_wconf 82' lang='lat' dir='ltr'>Donatus</span> <span class='ocrx_word' id='word_1_458' title='bbox 1728 2683 1822 2712; x_wconf 82' lang='lat' dir='ltr'>lesen</span> 
     </span>
     <span class='ocr_line' id='line_1_66' title="bbox 1044 2726 1822 2766; baseline -0.001 -9"><span class='ocrx_word' id='word_1_459' title='bbox 1044 2728 1144 2766; x_wconf 87' lang='lat' dir='ltr'>Hem,</span> <span class='ocrx_word' id='word_1_460' title='bbox 1173 2727 1251 2766; x_wconf 82' lang='lat' dir='ltr'>quid</span> <span class='ocrx_word' id='word_1_461' title='bbox 1273 2726 1379 2757; x_wconf 73' lang='lat' dir='ltr'>dixti?</span> <span class='ocrx_word' id='word_1_462' title='bbox 1409 2727 1544 2766; x_wconf 82' lang='lat' dir='ltr'>Riehtig</span> <span class='ocrx_word' id='word_1_463' title='bbox 1566 2727 1719 2757; x_wconf 85' lang='lat' dir='ltr'>bemerkt</span> <span class='ocrx_word' id='word_1_464' title='bbox 1741 2727 1822 2757; x_wconf 90' lang='lat' dir='ltr'>Do—</span> 
     </span>
     <span class='ocr_line' id='line_1_67' title="bbox 1044 2772 1822 2812; baseline -0.004 -10"><span class='ocrx_word' id='word_1_465' title='bbox 1044 2776 1171 2803; x_wconf 77' lang='lat' dir='ltr'>natus</span> <span class='ocrx_word' id='word_1_466' title='bbox 1189 2783 1231 2802; x_wconf 93' lang='lat' dir='ltr'>zu</span> <span class='ocrx_word' id='word_1_467' title='bbox 1248 2773 1307 2802; x_wconf 89' lang='lat' dir='ltr'>der</span> <span class='ocrx_word' id='word_1_468' title='bbox 1325 2772 1446 2804; x_wconf 86' lang='lat' dir='ltr'>Stelle:</span> <span class='ocrx_word' id='word_1_469' title='bbox 1465 2772 1552 2802; x_wconf 81' lang='lat' dir='ltr'>Bene</span> <span class='ocrx_word' id='word_1_470' title='bbox 1568 2781 1641 2801; x_wconf 78' lang='lat' dir='ltr'>usus</span> <span class='ocrx_word' id='word_1_471' title='bbox 1658 2776 1703 2802; x_wconf 77' lang='lat' dir='ltr'>est</span> <span class='ocrx_word' id='word_1_472' title='bbox 1714 2780 1822 2812; x_wconf 74' lang='grc' dir='ltr'><strong><em>παρο-</em></strong></span> 
     </span>
     <span class='ocr_line' id='line_1_68' title="bbox 1044 2814 1822 2858; baseline -0.001 -12"><span class='ocrx_word' id='word_1_473' title='bbox 1044 2816 1143 2858; x_wconf 80' lang='grc' dir='ltr'>μοίῳ.</span> <span class='ocrx_word' id='word_1_474' title='bbox 1180 2817 1324 2847; x_wconf 79' lang='lat' dir='ltr'>Occidi</span> <span class='ocrx_word' id='word_1_475' title='bbox 1346 2822 1375 2848; x_wconf 83' lang='lat' dir='ltr'>et</span> <span class='ocrx_word' id='word_1_476' title='bbox 1396 2817 1542 2856; x_wconf 75' lang='lat' dir='ltr'>optime</span> <span class='ocrx_word' id='word_1_477' title='bbox 1559 2816 1650 2854; x_wconf 70' lang='lat' dir='ltr'>dimit,</span> <span class='ocrx_word' id='word_1_478' title='bbox 1667 2814 1822 2846; x_wconf 76' lang='lat' dir='ltr'>utsimili-</span> 
     </span>
     <span class='ocr_line' id='line_1_69' title="bbox 1045 2862 1505 2901; baseline 0 -9"><span class='ocrx_word' id='word_1_479' title='bbox 1045 2862 1153 2893; x_wconf 79' lang='lat' dir='ltr'>tudine</span> <span class='ocrx_word' id='word_1_480' title='bbox 1161 2862 1301 2901; x_wconf 77' lang='lat' dir='ltr'>falleret</span> <span class='ocrx_word' id='word_1_481' title='bbox 1317 2862 1505 2893; x_wconf 79' lang='lat' dir='ltr'>audientem.</span> 
     </span>
    </p>

    <p class='ocr_par' dir='ltr' id='par_1_11' title="bbox 1047 2912 1821 3003">
     <span class='ocr_line' id='line_1_70' title="bbox 1091 2912 1821 2956; baseline -0.003 -8"><span class='ocrx_word' id='word_1_482' title='bbox 1091 2919 1130 2948; x_wconf 92' lang='lat' dir='ltr'>V.</span> <span class='ocrx_word' id='word_1_483' title='bbox 1151 2919 1202 2950; x_wconf 85' lang='lat'>15.</span> <span class='ocrx_word' id='word_1_484' title='bbox 1243 2922 1287 2948; x_wconf 90' lang='lat' dir='ltr'>ut</span> <span class='ocrx_word' id='word_1_485' title='bbox 1319 2917 1558 2956; x_wconf 82' lang='lat' dir='ltr'>adparetur</span> <span class='ocrx_word' id='word_1_486' title='bbox 1590 2912 1742 2955; x_wconf 76' lang='lat' dir='ltr'>dicam]</span> <span class='ocrx_word' id='word_1_487' title='bbox 1778 2915 1821 2947; x_wconf 86' lang='lat' dir='ltr'>So</span> 
     </span>
     <span class='ocr_line' id='line_1_71' title="bbox 1047 2960 1819 3003; baseline -0.005 -9"><span class='ocrx_word' id='word_1_488' title='bbox 1047 2962 1185 3003; x_wconf 80' lang='lat' dir='ltr'>Guyet</span> <span class='ocrx_word' id='word_1_489' title='bbox 1201 2963 1269 2993; x_wconf 90' lang='lat' dir='ltr'>und</span> <span class='ocrx_word' id='word_1_490' title='bbox 1282 2963 1489 3002; x_wconf 83' lang='lat' dir='ltr'>Bentley,</span> <span class='ocrx_word' id='word_1_491' title='bbox 1507 2962 1613 2992; x_wconf 80' lang='lat' dir='ltr'>denen</span> <span class='ocrx_word' id='word_1_492' title='bbox 1631 2960 1770 2991; x_wconf 82' lang='lat' dir='ltr'>Bothe</span> <span class='ocrx_word' id='word_1_493' title='bbox 1788 2970 1819 2991; x_wconf 91' lang='lat' dir='ltr'>u.</span> 
     </span>
    </p>
   </div>
  </div>
 </body>
</html>
