2008 3262
229 167 313 210 194
819 176 994 207 ANDRIA
1012 177 1051 206 P.
1073 175 1278 206 TERENTI.

466 293 505 322 V.
522 293 585 322 582
605 291 648 320 ad
666 291 732 321 604
749 293 784 320 et
802 290 867 320 606
884 289 1020 319 iambici
1037 289 1200 319 octonarii

481 353 493 359 -
521 337 586 366 605
605 335 768 366 iambicus
786 334 1022 373 quaternarius

482 397 495 402 -
521 382 586 411 607
605 384 638 410 et
656 380 720 410 608
738 379 901 410 trochaici
919 378 1084 409 octonarii

483 442 495 447 -
521 426 584 456 609
603 425 793 455 trochaicus
811 423 1022 462 septenarius

485 486 498 492 -
525 471 589 500 610
607 470 650 500 ad
669 470 734 500 620
751 469 889 499 iambici
908 468 1072 499 octonarii

484 531 496 537 -
523 516 584 546 621
605 515 648 544 ad
666 515 731 544 624
749 513 913 544 trochaici
928 513 1114 552 septenarii

484 576 497 581 -
522 560 588 590 625
607 559 752 590 creticus
770 559 915 589 dimeter
930 566 1005 588 cum
1024 557 1172 596 tripodia
1189 556 1359 587 trochaica
1377 554 1578 585 catalectica

484 621 496 626 -
523 605 586 634 626
601 603 644 634 ad
659 604 724 634 634
738 604 855 633 cretici
869 602 1057 633 tetrametri
1071 602 1250 632 acatalecti

485 665 497 671 —
523 651 586 679 635
617 649 824 688 compositus
849 657 888 678 ex
912 647 1042 677 duabus
1068 647 1246 677 trochaicis
1263 645 1420 684 tripodiis
1438 643 1645 675 catalecticis

485 710 499 716 -
526 695 589 724 636
607 693 773 724 iambicus
791 692 1024 732 quaternarius

486 755 497 761 -
523 739 585 768 637
604 738 746 768 creticus
765 740 962 768 tetrameter
978 736 1184 766 acatalectus

487 800 500 806 -
527 784 591 814 638
608 792 766 813 numerus
785 782 934 812 incertus

488 845 500 850 -
527 829 590 858 639
609 831 642 858 et
660 828 725 858 640
742 827 906 858 trochaici
923 826 1108 865 septenarii

488 889 502 895 -
528 874 590 903 641
611 875 644 903 et
662 873 724 902 642
745 872 882 902 iambici
900 871 1066 901 octonarii

489 933 501 939 -
529 919 592 947 643
610 917 652 947 ad
672 917 735 946 649
753 916 916 946 trochaici
932 915 1115 954 septenarii

489 977 502 983 —
530 963 594 992 650
611 961 655 992 ad
673 961 739 991 654
755 960 892 991 iambici
909 960 1068 990 octonarii

491 1022 503 1028 -
529 1007 593 1037 655
611 1006 655 1036 ad
674 1006 736 1036 681
756 1002 893 1036 iambici
911 1005 1036 1035 senarii

492 1068 504 1074 -
531 1052 594 1081 682
613 1054 646 1081 et
664 1051 728 1081 683
746 1049 884 1080 iambici
901 1049 1066 1080 octonarii

492 1112 504 1118 -
531 1097 595 1126 684
611 1096 654 1126 ad
673 1094 738 1125 ⁷15
756 1094 896 1125 iambici
912 1094 1096 1133 septenarii

492 1156 505 1163 —
532 1142 596 1170 716
614 1140 656 1170 ad
674 1140 739 1171 819
758 1139 895 1169 iambici
912 1139 1038 1170 senarii

493 1202 506 1208 -
532 1186 598 1216 820
615 1185 660 1215 ad
677 1185 742 1214 859
761 1184 925 1214 trochaici
942 1183 1126 1222 septenarii

494 1247 506 1253 -
533 1231 598 1261 860
615 1229 659 1261 ad
676 1230 740 1260 863
759 1229 895 1259 iambici
913 1228 1078 1258 octonarii

495 1291 507 1297 -
533 1276 599 1306 864
617 1274 808 1305 trochaicus
826 1273 1038 1312 septenarius

495 1335 507 1342 -
533 1320 598 1350 865
615 1318 781 1350 iambicus
799 1319 991 1349 octonarius

495 1381 507 1387 -
532 1365 597 1395 866
615 1365 658 1394 ad
676 1365 741 1394 895
759 1363 895 1394 iambici
914 1363 1038 1393 senarii

495 1425 508 1431 -
534 1410 599 1440 896
616 1409 659 1439 ad
677 1409 742 1439 928
759 1407 918 1438 trochaici
934 1406 1117 1446 septenarii

495 1469 506 1475 —
532 1454 596 1484 929
615 1454 657 1484 ad
675 1454 740 1484 958
759 1453 895 1483 iambici
912 1452 1078 1482 octonarii

495 1514 507 1520 -
533 1499 596 1528 959
615 1499 656 1528 ad
676 1499 739 1529 981
759 1497 921 1528 trochaici
936 1496 1133 1535 septenarii.

758 1591 981 1622 ALTERIUS
999 1590 1160 1621 EXITUS
1178 1588 1379 1620 ANDRIAE

482 1678 524 1710 V.
538 1677 601 1707 982
620 1676 663 1706 ad
681 1676 744 1707 992
762 1675 926 1706 trochaici
941 1674 1127 1714 septenarii

495 1738 509 1744 -
535 1722 599 1751 993
618 1721 660 1751 ad
681 1721 765 1752 1008
784 1720 918 1751 iambici
935 1719 1071 1750 senarii.
