2008 3262
725 245 899 276 Annum
918 245 957 276 P.
978 244 1186 275 rmum.
1686 229 1770 272 185

194 359 359 401 Decem
378 357 550 400 talenta.
585 357 664 399 Pa.
684 357 879 415 Accipio.
918 356 990 399 Ch.
1010 357 1200 414 Propero
1221 356 1278 398 ad
1291 355 1439 398 filiam.
1472 354 1570 398 Eho
1588 356 1768 410 mecum,

194 493 307 536 Nam
333 491 453 535 illam
479 508 548 535 me
578 494 705 536 credo
735 492 852 535 haud
878 424 1118 534 ιιόεξέιέῖ.
1141 490 1264 544 Quor
1283 505 1371 532 non
1390 489 1510 532 illam
1530 490 1616 532 huo
1635 482 1790 532 transss

953 559 1056 600 ferri
1075 558 1228 600 iubes?

137 645 172 670 50
192 628 271 669 Pa.
304 628 435 670 Recte
461 628 685 671 admones:
714 627 844 670 Dauo
875 628 956 682 ego
975 626 1088 668 istuc
1108 625 1264 667 dedam
1284 625 1372 668 iam
1390 626 1550 681 negoti.
1590 623 1651 666 Si.
1674 623 1772 666 Nem

195 763 276 804 Pa.
294 763 411 816 Qui?
440 762 500 806 Si.
521 763 638 817 Quia
657 762 787 806 habet
805 762 924 805 aliud
942 699 1159 817 gzssisst-ex
1178 774 1272 803 sese
1292 766 1334 802 et
1354 760 1506 803 maius.
1536 760 1615 801 Pa.
1636 759 1773 813 Quid-

950 828 1080 871 nam?
1119 826 1181 869 Si.
1201 828 1385 871 Vinctus
1406 834 1481 870 est.

195 899 276 940 Pa.
296 899 437 954 Pater,
457 914 546 942 non
565 904 680 941 reete
698 900 901 941 uinctust.
941 896 1000 939 Si.
1028 896 1161 939 Haud
1181 897 1242 939 ita
1261 896 1380 939 iussi.
1419 895 1497 937 Pa.
1518 894 1627 938 Iube
1649 894 1771 950 solui,

679 971 690 980 ‘
954 965 1143 1008 6bsecro.
1690 966 1772 1003 955

201 1033 262 1076 Si.
287 1031 385 1090 Age
405 1034 496 1076 flat.
536 1032 615 1074 Pa.
635 1032 698 1076 At
716 1033 895 1076 matura.
935 1031 996 1075 δι’.
1027 1032 1094 1074 Eo
1114 1032 1241 1074 intro.
1281 1031 1362 1073 Pa.
1383 1030 1422 1074 O
1444 1031 1633 1074 faustum
1654 1036 1696 1073 et
1715 1030 1774 1072 fe-

952 1099 1079 1143 licem
1098 1099 1232 1142 diem!

186 1217 224 1246 V.
242 1217 296 1247 48.
338 1215 557 1254 ‘Aeeipim
588 1216 652 1246 Ille
674 1215 741 1245 uisi
766 1215 924 1246 dixisset:

139 1262 170 1292 A
181 1261 272 1300 ecip
283 1262 293 1291 i
304 1271 342 1302 o,
360 1261 420 1292 dos
436 1270 506 1291 non
522 1263 623 1292 esset.
654 1261 757 1290 Datio
773 1260 863 1291 enim
879 1260 923 1291 ab

140 1307 340 1345 acceptione
369 1306 584 1336 confirmatur
600 1314 663 1336 nec
678 1309 794 1344 potest
810 1306 924 1336 videri

1038 1215 1079 1244 V.
1094 1215 1149 1245 52.
1180 1213 1299 1244 Haud
1332 1213 1393 1244 ita
1424 1212 1552 1244 iussi:
1587 1213 1774 1252 Eleganter

993 1259 1076 1290 lusit
1107 1260 1151 1290 ad
1182 1254 1402 1300 ἀμφιβολίαν
1432 1262 1466 1289 et
1497 1259 1598 1289 simul
1626 1258 1776 1289 ostendit

993 1314 1094 1344 quam
1121 1305 1288 1344 propitius
1320 1304 1366 1335 sit
1396 1304 1578 1342 Pamphilo
1612 1307 1709 1342 pater
1741 1306 1776 1333 et

141 1352 255 1382 datum
278 1352 334 1391 id,
361 1351 449 1391 quod
473 1360 539 1382 uon
555 1351 602 1381 sit
621 1352 820 1390 acceptum!
842 1350 923 1382 Do-

139 1397 296 1428 NATUS.
336 1397 414 1436 Vgl.
440 1397 494 1427 W.
519 1397 628 1427 Rein
650 1396 830 1427 Biimt‘echaes
852 1395 924 1426 Pri-

141 1442 283 1473 vatreoht
305 1442 338 1474 S.
356 1442 433 1472 19⁷.

192 1499 232 1530 V.
250 1499 304 1529 49.
324 1499 425 1529 Nam
447 1498 573 1528 illam
590 1506 650 1528 me
669 1497 800 1528 eredo
818 1497 926 1528 haud

146 1541 372 1584 nosse-180
389 1544 458 1574 alle
476 1543 607 1574 bllteren
623 1543 702 1574 Hss.
719 1542 775 1573 bei
793 1542 926 1573 Faer-

145 1597 223 1619 nus
239 1599 271 1619 u.
289 1589 344 1619 die
361 1588 536 1619 Metu-zahl
555 1589 616 1618 der
631 1588 710 1619 Hes.
724 1588 779 1618 bei
794 1587 924 1618 Bent-

146 1635 157 1664 1
167 1644 227 1674 ey.
237 1634 369 1665 Vox-her
381 1635 434 1664 las
447 1643 543 1664 man:
559 1643 608 1663 me
619 1633 708 1663 haud
719 1642 810 1664 nosse
821 1632 924 1664 credo.

189 1702 230 1732 V.
247 1702 302 1733 50.
318 1702 436 1735 Davo
452 1711 528 1740 ego
546 1701 663 1732 istuc
679 1701 826 1732 dodam
843 1701 924 1731 iam

143 1757 166 1776 ιι
177 1756 194 1776 e
203 1750 274 1786 got
283 1745 318 1784 i.]
332 1747 404 1777 Nur
420 1746 550 1786 wenige
564 1747 643 1776 Hes.
656 1747 713 1777 bei
727 1747 754 1776 F
765 1755 785 1776 a
795 1747 812 1776 ὃ
821 1755 868 1778 ι·.ιι
878 1756 899 1776 ιι
909 1756 925 1776 s

145 1792 258 1822 lusson
275 1801 332 1830 eqo
346 1792 462 1822 fallen.
493 1791 543 1822 Es
565 1791 625 1821 hat
648 1799 766 1821 ausser
790 1791 927 1821 Bothe

143 1837 179 1867 in
197 1846 338 1867 neuerer
354 1837 430 1866 Zeit
444 1836 610 1867 Niemand
626 1845 683 1875 eqo
698 1836 926 1874 verdfiehtigt.

143 1881 191 1912 Eu
212 1881 304 1913 steht
325 1891 411 1920 ganz
435 1881 580 1920 riehtig‚
604 1881 647 1911 da
673 1880 755 1911 istuc
770 1890 834 1911 nur
851 1882 926 1910 eine

146 1926 402 1965 silbe,bi1det‚
434 1927 504 1965 vgl.
535 1927 587 1956 W.
607 1925 796 1956 Corssen
827 1925 927 1955 Ueber

143 1968 355 2010 Anam-acho
376 1981 452 2002 new.
476 1970 534 2001 der
555 1970 618 2001 lat.
636 1970 710 2010 Spr.
739 1971 804 2002 Bd.
821 1971 862 2002 11.
892 1970 924 2002 S.

188 2073 229 2103 V.
243 2073 299 2103 51.
325 2070 440 2111 Qui?]
464 2072 628 2103 Einzelne
647 2073 724 2103 Hes.
743 2073 846 2112 stigen
864 2073 923 2102 das

141 2127 202 2149 aue
215 2118 280 2148 den
286 2118 588 2156 vorhergeheuden
596 2118 735 2148 Worten
750 2117 923 2148 entlehnte

143 2162 301 2193 Glosaem
325 2172 390 2193 non
400 2167 507 2202 potest
528 2164 639 2193 hinzu.
670 2163 766 2193 Aueh
785 2163 923 2193 Dona-

141 2211 208 2238 tus
222 2208 317 2238 hatte
333 2208 426 2238 diaes
445 2208 548 2247 nieht,
561 2217 657 2239 wenn
674 2217 710 2238 er
722 2211 819 2247 negt:
839 2207 924 2245 Qui!

144 2251 245 2289 Quam
259 2252 297 2282 οὺ
314 2251 403 2282 rem?

993 1359 1093 1389 quam
1109 1350 1208 1380 facile
1225 1350 1359 1380 veniam
1375 1350 1476 1379 Davo
1502 1349 1683 1388 impetrare
1698 1357 1775 1387 pos-

992 1396 1038 1425 sit
1054 1395 1096 1425 ab
1114 1404 1173 1434 e0,
1199 1395 1325 1434 quippe
1347 1394 1404 1433 qui
1429 1395 1496 1424 iam
1515 1395 1617 1424 etiam
1634 1394 1773 1425 iocetur.

991 1440 1194 1480 Pamphilus
1225 1443 1336 1470 autem
1368 1440 1498 1469 dixerat
1528 1450 1549 1469 ιι
1562 1449 1581 1469 o
1592 1449 1613 1469 ιι
1640 1440 1726 1469 iust
1739 1449 1757 1469 e
1767 1463 1775 1478 ,

994 1486 1056 1516 ille
1079 1486 1128 1516 sic
1151 1485 1348 1524 respondit,
1381 1484 1479 1523 quasi
1509 1483 1649 1514 dixerit:
1681 1485 1774 1514 Non

995 1530 1236 1570 diligenter
1250 1530 1427 1560 vinetus
1453 1532 1539 1563 est.
1562 1529 1683 1559 Haud
1706 1529 1776 1559 ita

993 1576 1110 1606 iussi.
1144 1576 1200 1607 Sic
1216 1575 1306 1605 enim
1318 1577 1540 1614 praeceperat
1557 1573 1616 1613 [V.
1637 1575 1670 1611 2,
1687 1571 1776 1614 27.]:

996 1619 1241 1660 Quadmpedem
1281 1616 1506 1658 amestrinyieo!
1538 1619 1778 1650 ‘DONATUS.

995 1666 1200 1704 Smnierbar,
1218 1666 1297 1696 dass
1309 1666 1338 1695 B
1349 1675 1366 1695 e
1375 1675 1395 1695 n
1405 1669 1419 1694 t
1429 1665 1441 1694 l
1450 1674 1507 1703 ey,
1522 1665 1583 1695 der
1596 1665 1656 1695 mit
1669 1664 1778 1695 Reeht

995 1711 1209 1742 Donutue‘
1242 1711 1451 1749 Auffassung
1482 1709 1543 1739 der
1578 1710 1686 1740 Stelle
1718 1712 1778 1749 gut

996 1757 1120 1794 heisat,
1153 1756 1216 1786 mit
1239 1754 1321 1787 Cod.
1339 1755 1562 1786 Academicus
1594 1755 1773 1786 schreiben

994 1802 1085 1832 will:
1110 1800 1155 1830 At
1174 1800 1224 1831 ita
1247 1799 1347 1837 iussi„
1372 1800 1478 1830 woriu
1495 1800 1563 1830 ihm
1581 1800 1617 1830 in
1634 1809 1776 1830 neuerer

994 1847 1071 1876 Zeit
1093 1845 1259 1876 Niemand
1276 1854 1394 1875 ausser
1410 1845 1439 1874 B
1450 1854 1469 1875 o
1480 1845 1548 1874 the
1572 1845 1704 1884 gefolgt
1720 1845 1775 1874 ist.

1041 1892 1080 1921 V.
1099 1892 1153 1921 53.
1186 1891 1236 1921 At
1263 1889 1448 1928 matura]
1483 1891 1525 1921 So
1542 1890 1599 1920 die
1617 1890 1691 1920 Hes.
1733 1889 1776 1919 At

994 1941 1115 1966 mature
1147 1937 1174 1966 T
1185 1944 1303 1973 auaq.
1328 1935 1447 1966 Fabr.
1479 1935 1546 1964 und
1574 1935 1658 1965 Ben
1670 1935 1701 1965 tl
1713 1944 1773 1973 ey.

995 1981 1091 2012 Ohne
1106 1981 1236 2011 Grnnd.
1263 1997 1307 2002 -
1337 1979 1366 2010 Ο
1392 1981 1578 2010 faustum
1604 1983 1646 2010 et
1670 1980 1775 2009 feli-

994 2036 1079 2056 cem
1108 2027 1219 2056 diem
1233 2022 1260 2066 Β]
1279 2026 1322 2057 So
1340 2025 1424 2056 Cod.
1443 2025 1526 2055 Cod.
1542 2025 1728 2056 Bembinus
1744 2034 1775 2055 u.

993 2073 1118 2102 andere
1129 2072 1209 2101 Hss.
1220 2071 1275 2101 bei
1284 2071 1311 2101 F
1321 2080 1342 2100 a
1355 2072 1372 2101 ὅ
1380 2081 1396 2101 1·
1405 2080 1424 2100 n
1434 2080 1455 2100 u
1465 2079 1492 2106 s,
1506 2070 1610 2100 sowie
1624 2071 1776 2100 mehrere

994 2117 1049 2147 bei
1077 2117 1277 2155 Bentley,
1310 2117 1395 2146 auch
1419 2116 1599 2154 Nouius,
1632 2115 1693 2146 der
1720 2115 1775 2145 die

994 2163 1111 2193 Worte
1125 2162 1240 2192 citiert
1255 2171 1288 2200 p.
1306 2162 1384 2200 426,
1398 2162 1451 2192 20.
1484 2161 1614 2191 Friiher
1629 2161 1681 2191 las
1699 2170 1777 2190 man

992 2207 1055 2237 mit
1072 2207 1137 2238 den
1153 2207 1296 2246 iibrigen
1314 2207 1411 2238 Hes-2
1445 2206 1471 2236 0
1484 2205 1635 2245 faustum
1651 2209 1681 2235 et
1695 2204 1777 2244 seli-

993 2261 1059 2282 cem
1075 2253 1157 2282 hunc
1173 2251 1267 2282 diem.
