2008 3262
714 287 889 319 ANDRIA
907 287 947 319 Ρ.
967 287 1178 319 TERENTI-

1707 273 1763 317 63

181 402 306 446 Itane
326 402 539 445 obstinate
560 403 736 458 operam
756 400 843 456 dat,
862 406 912 443 ut
929 415 999 443 me
1017 415 1045 443 a
1064 399 1266 450 Glycerio
1286 399 1491 442 miserum
1511 397 1762 440 abstrahat?

185 471 315 525 Quod
335 472 372 513 si
392 470 453 524 fit,
474 484 603 526 pereo
623 469 831 511 funditus.

129 553 162 579 ιο
186 538 343 582 Αίᾱθοῐι
362 537 579 580 hominem
609 550 703 580 esse
732 537 1012 578 inuenustum
1041 541 1116 577 aut
1145 534 1362 577 infelicem
1392 536 1670 592 quemquam,
1715 539 1764 575 ut

944 618 1025 659 ego
1047 604 1159 646 sum!

1681 603 1763 641 245

181 675 268 716 Pro
290 674 419 715 deum
439 679 570 730 atque
587 671 809 715 homim'un
829 670 978 713 fidem!

182 741 345 785 Nullon
365 756 446 798 ego
468 741 706 784 Chremetis
724 746 851 796 pacto
872 738 1144 781 adfinitatem
1163 737 1364 794 ecfugere
1383 737 1563 794 potero?

186 810 306 864 Quot
324 809 463 852 modis
485 810 772 866 contemptus,
793 807 979 865 spretus!
1019 805 1157 848 Facta
1175 811 1394 847 transacta
1415 805 1570 847 omnia.
1610 804 1736 859 Hem,

184 877 455 935 Repudiatus
474 879 663 934 repetor:
694 874 1016 929 Quamobrem?
1054 875 1142 916 nisi
1161 874 1199 916 si
1217 873 1263 915 id
1283 880 1366 929 est,
1386 872 1504 930 quod
1525 872 1736 929 suspicor:

128 961 163 987 ιε»
181 945 363 1004 Aliquid
382 943 721 988 monstriah'mt:
753 958 804 986 ea
824 943 1029 1001 quoniam
1048 942 1213 984 nemini
1233 941 1407 984 obtrudi
1426 946 1581 998 potest,

174 1083 215 1114 V.
242 1084 271 1113 8.
311 1083 435 1114 Itane
469 1081 702 1112 obstinate
734 1090 911 1120 operam

129 1125 220 1169 dat]
238 1128 266 1158 B
278 1137 325 1159 en
334 1129 367 1158 tl
378 1137 423 1167 ey
440 1127 580 1158 finden-te
592 1127 679 1158 ohne
692 1127 783 1157 allen
793 1126 911 1157 Grund

129 1174 245 1204 diesen
277 1173 462 1213 Fragesatz
473 1195 481 1211 ‚
522 1172 682 1203 wodureh
712 1172 912 1210 Pamphilus

130 1219 225 1250 scine
247 1219 427 1249 Verwun
439 1218 569 1248 derun
580 1228 602 1257 g
625 1217 710 1248 iiber
734 1218 794 1248 des
812 1217 914 1247 Chre·

128 1273 200 1295 mee
218 1264 522 1302 Sinueswandlung
537 1263 740 1301 ausdriiekt,
763 1263 798 1292 in
817 1263 915 1292 einen

129 1309 406 1340 Adfirmativsatz
425 1318 492 1347 um,
516 1308 676 1338 wodurch
692 1307 748 1337 die
764 1307 858 1337 Bede
874 1316 916 1336 an

130 1354 391 1392 Lebhaftigkeit
431 1353 589 1390 verliert,
634 1352 806 1383 wesshalb
845 1352 915 1382 ihm

132 1399 182 1430 1³1
193 1409 211 1429 e
221 1399 268 1428 ek
277 1408 294 1429 e
303 1399 339 1429 is
347 1408 364 1429 e
374 1408 395 1428 n
426 1399 489 1428 mit
519 1397 628 1428 Recht
658 1397 790 1428 hierbei
823 1397 918 1427 nicht

132 1444 263 1484 gesolgt
279 1444 334 1481 ist,
352 1444 410 1474 der
422 1443 549 1482 jedoch
562 1443 617 1473 die
628 1443 845 1481 Umstellung
860 1441 918 1472 dat

131 1498 263 1528 operam
285 1491 371 1519 statt
397 1497 528 1528 operam
550 1487 609 1518 dat
641 1488 702 1518 mit
725 1488 753 1517 B
764 1497 811 1518 en
823 1487 886 1517 tle
895 1496 916 1525 y

131 1543 241 1574 gegen
258 1533 314 1564 die
325 1533 406 1564 Hss.
425 1533 604 1573 vornahm,
620 1542 690 1563 was
706 1533 917 1571 keineswegs

131 1579 239 1610 durch
254 1579 435 1610 metrische
453 1578 590 1609 Grnnde
612 1578 758 1617 geboten
775 1578 917 1616 scheint,

132 1624 200 1655 und
233 1624 288 1654 die
319 1624 444 1655 leichte
475 1623 710 1654 Allitteration
747 1632 767 1653 ο
775 1622 917 1654 bstinate

133 1669 203 1708 (op
211 1668 265 1707 st.)
281 1678 328 1707 op
338 1678 426 1700 eram
442 1668 500 1699 dat
520 1670 622 1699 stort.

176 1725 264 1756 Ibid.
292 1725 354 1756 ‘ut
369 1735 429 1756 me
453 1734 474 1756 a
492 1725 703 1764 Glycerio
718 1724 919 1755 miserum

134 1771 184 1802 ab
194 1779 210 1801 s
220 1775 233 1800 t
244 1771 385 1801 rahat:
409 1771 536 1810 Magna
551 1770 588 1800 vi
602 1770 701 1801 verbi
719 1772 753 1800 et
768 1769 921 1808 proprie-

135 1819 207 1846 tate
222 1824 304 1846 usus
321 1819 382 1846 est.
414 1816 512 1846 Unde
527 1815 612 1846 illud
630 1818 683 1846 est
700 1811 751 1856 [V
762 1824 837 1853 erg
853 1814 922 1844 ilii

134 1859 215 1891 Aen.
232 1861 274 1891 11.
290 1857 384 1901 434]:
411 1859 536 1899 Iphitus
560 1863 592 1890 et
604 1859 716 1890 Pelias
730 1868 860 1897 mecum,
877 1858 926 1889 di-

133 1905 284 1935 vellimur
307 1905 402 1935 z'ndes
446 1905 672 1935 DONATVS.
715 1904 794 1943 Vgl.
818 1908 921 1935 unteu

135 1951 194 1980 111.
212 1952 243 1990 2,
260 1951 303 1980 39
319 1949 428 1988 (519).

182 2011 223 2042 V.
245 2013 296 2042 10.
321 2011 464 2042 Adeon
491 2011 703 2042 hominem
734 2019 826 2041 esse
856 2010 921 2040 in·

135 2059 361 2087 venustum
379 2059 449 2087 aut
465 2056 694 2087 infelicem
711 2054 797 2093 etc.]
830 2055 922 2085 Inve-

135 2105 256 2141 mastus,
267 2102 342 2132 dem
354 2101 587 2141 griechischen
599 2096 834 2142 ἀναφρόδιτος
850 2104 922 2131 ent-

135 2147 343 2186 sprechend,
366 2147 501 2178 bezieht
525 2147 598 2177 sich
619 2147 679 2178 auf
693 2146 746 2177 die
762 2148 922 2176 iusseren

137 2192 348 2229 Eindriieke,
377 2192 432 2222 die
461 2192 610 2222 ‹Jemand
636 2191 693 2223 bei
715 2191 854 2222 Andr-en
886 2191 920 2221 in

139 2239 254 2267 zarten
270 2237 529 2267 Verhfiltnissen
546 2237 678 2275 macht,
694 2236 857 2267 wahrend
872 2236 921 2265 in-

132 2279 224 2319 felix
241 2281 304 2312 den
322 2285 423 2320 guten
441 2282 564 2320 Erfolg
584 2283 630 2312 im
648 2282 745 2321 Auge
760 2282 836 2319 hat,
862 2281 922 2311 der

138 2325 336 2356 demandam
355 2335 397 2356 zu
412 2326 511 2356 Tbeil
527 2326 631 2365 wird3
648 2327 695 2356 im
709 2326 922 2365 Gegensatze

138 2379 181 2400 zu
210 2369 269 2401 der
290 2371 400 2409 wenig
417 2370 639 2401 erfreulichen
654 2371 766 2410 Lage,
791 2371 826 2400 in
842 2371 922 2401 wel—

141 2416 220 2446 cher
251 2415 324 2446 sich
350 2415 440 2454 jetzt
470 2415 668 2454 Pamphilus
697 2425 739 2445 zu
763 2415 923 2446 befinden

139 2459 270 2500 glaubt,
288 2461 397 2491 heisst
414 2469 449 2491 es
461 2460 518 2491 bei
531 2469 667 2492 unsrem
685 2460 831 2491 Dichter
843 2459 923 2492 Hec.

139 2505 180 2537 V.
198 2506 219 2536 4
229 2527 237 2543 ,
256 2507 275 2536 8
294 2504 403 2543 (848).
449 2504 526 2542 Quis
540 2515 590 2536 me
604 2508 650 2536 eat
657 2503 858 2544 fortunatior
871 2513 924 2535 ve-

138 2547 335 2590 nustatisque
357 2548 438 2580 adeo
459 2550 608 2589 plenior?
653 2550 765 2581 Ueber
783 2550 843 2581 das
860 2549 924 2580 fol-

138 2595 248 2634 gende
261 2598 305 2633 ut,
317 2596 427 2626 wofur
440 2597 530 2627 Don
540 2599 635 2627 atus
647 2605 742 2635 quam
754 2596 924 2634 verlangt,

139 2648 171 2669 s.
195 2640 316 2670 Hand
345 2640 472 2672 Tur-ull
506 2641 532 2671 Ι.
549 2651 584 2681 p.
603 2641 680 2673 137.
704 2640 788 2670 mein
803 2638 922 2671 Hand-

141 2684 284 2715 wer-terh.
300 2684 358 2715 der
374 2686 433 2718 lat.
451 2686 524 2725 Spr.
541 2686 605 2716 Bd.
621 2687 647 2718 Ι.
664 2685 697 2717 S.
717 2687 794 2717 125.

187 2745 229 2775 V.
248 2745 300 2785 12
324 2745 404 2776 Pro
427 2746 544 2776 deum
568 2741 693 2785 atque
714 2747 923 2778 hominum

141 2788 313 2828 sidem]
343 2789 419 2829 vgl.
437 2789 591 2820 cicero
611 2791 705 2823 Taso.
720 2792 779 2822 IV.
797 2793 851 2831 34,
871 2792 924 2822 72.

141 2835 200 2865 Sin
216 2839 320 2865 antem
337 2838 384 2864 est
399 2834 518 2874 aliquia
532 2843 631 2874 amor,
646 2839 682 2865 nt
696 2840 744 2866 m
757 2841 853 2874 certe,
870 2836 927 2874 qui

139 2879 224 2910 nihil
237 2879 322 2910 absit
337 2883 394 2909 aut
409 2888 471 2910 non
486 2879 618 2909 mulmn
632 2880 674 2910 ab
687 2880 831 2919 insania,
846 2890 925 2919 qua—

141 2923 186 2957 lio
196 2924 408 2967 inLeucadiq
425 2927 490 2954 est:
507 2923 725 2963 Siquidem
739 2924 796 2955 eit
811 2924 926 2964 quie-

144 2978 257 3007 quam
271 2969 387 3010 deus,
404 2969 474 3001 cui
489 2978 558 3008 eyo
573 2969 647 2999 eim
664 2978 801 3000 curae.
832 2970 877 2999 At
891 2968 928 2999 id

141 3018 215 3044 erat
239 3014 308 3045 deis
331 3014 474 3045 omnibus
496 3013 672 3044 curandum
689 3023 782 3053 quem
797 3013 844 3044 ad
864 3023 927 3045 mo-

1683 941 1767 979 250

980 1079 1055 1110 dum
1079 1079 1132 1109 hic
1138 1078 1311 1118 frueretur
1333 1077 1494 1116 voluptate
1517 1076 1678 1107 amam-ia
1704 1079 1767 1106 etc.

980 1126 1060 1165 Vgl.
1072 1124 1112 1156 Ο.
1121 1125 1197 1155 Rib
1206 1124 1229 1154 b
1239 1133 1257 1154 e
1266 1133 1285 1154 c
1294 1124 1316 1154 k
1327 1137 1336 1154 :
1351 1121 1465 1153 Gomic.
1476 1121 1656 1160 lat.reliqu.
1670 1131 1703 1161 p.
1712 1122 1767 1152 85.

1027 1171 1068 1200 V.
1089 1171 1141 1200 13.
1176 1169 1286 1207 Quot
1315 1169 1453 1199 modis
1479 1170 1767 1205 contemptus,

984 1212 1198 1255 spretuffl]
1216 1215 1328 1244 Wenn
1342 1214 1373 1243 D
1385 1217 1538 1243 onatus
1552 1212 1711 1251 zweifelt,
1725 1211 1768 1242 ob

985 1261 1040 1291 die
1056 1260 1174 1290 Worte
1199 1260 1259 1289 auf
1279 1258 1440 1289 Chremes
1463 1258 1544 1288 oder
1569 1257 1770 1296 Pamphilus

985 1315 1027 1336 zu
1058 1305 1219 1335 beziehen
1247 1305 1357 1342 seien,
1390 1313 1428 1334 so
1457 1303 1668 1333 emscheidet
1695 1302 1770 1333 hier

985 1351 1091 1382 sehon
1115 1349 1170 1380 die
1189 1349 1402 1380 Grammatik
1426 1349 1479 1378 fiir
1502 1349 1557 1378 die
1572 1348 1770 1386 Beziehung

986 1397 1045 1427 auf
1060 1395 1277 1433 Pamphilus,
1302 1394 1370 1424 und
1394 1394 1455 1424 der
1481 1394 1563 1424 Sinn
1587 1393 1646 1422 der
1663 1392 1771 1423 Stelle

984 1441 1092 1472 heisst
1121 1440 1213 1470 diese
1236 1439 1434 1478 Beziehung
1460 1442 1536 1478 gut,
1561 1438 1675 1468 indem
1700 1445 1770 1467 was

985 1487 1060 1517 hier
1091 1485 1125 1515 in
1150 1485 1330 1523 specieller
1353 1485 1549 1522 Zeichnung
1579 1483 1687 1513 durch
1717 1482 1771 1513 die

986 1530 1204 1571 asyndetisch
1219 1530 1462 1569 hingestellten
1473 1529 1683 1567 Participien
1698 1537 1771 1558 eon-

986 1580 1130 1616 temptas,
1147 1579 1271 1613 spretus
1300 1574 1386 1613 (vgl.
1405 1575 1493 1605 oben
1509 1575 1535 1604 Ι.
1554 1576 1585 1611 3,
1604 1574 1658 1604 19.
1684 1582 1771 1603 rece-

981 1622 1071 1662 pisse
1088 1621 1208 1658 orbam,
1220 1629 1369 1659 parvam,
1394 1623 1499 1651 uuten
1515 1620 1556 1651 Π.
1575 1621 1606 1657 1,
1623 1620 1644 1649 4
1663 1617 1771 1657 (304).

986 1669 1107 1706 lassus,
1129 1675 1208 1697 cura
1232 1664 1395 1704 consectus
1418 1663 1548 1703 stupet.)
1570 1663 1776 1703 hingestellt

987 1712 1073 1743 wird
1082 1734 1092 1749 ‚
1132 1710 1265 1741 sodann
1296 1710 1428 1741 einfach
1460 1711 1564 1740 durch
1587 1708 1776 1750 repudiatus

990 1756 1219 1796 ausgedriickt
1241 1756 1338 1786 wird.
1375 1757 1475 1786 Denn
1497 1759 1622 1794 spretus
1645 1754 1775 1785 erklart

992 1803 1095 1834 sehon
1118 1801 1283 1832 Nonius
1303 1810 1335 1839 p.
1359 1801 1444 1839 399,
1470 1801 1520 1838 6.,
1543 1800 1707 1831 woselbst
1731 1801 1776 1828 tot

992 1851 1077 1879 statt
1088 1850 1161 1886 quot
1175 1846 1480 1885 hervorgegangen
1499 1854 1559 1875 aus
1573 1846 1632 1875 der
1646 1844 1777 1876 Schrei·

991 1893 1085 1931 hung
1098 1894 1279 1928 cot=quot
1291 1892 1391 1929 steht,
1398 1891 1523 1929 richtig
1531 1890 1594 1920 mit
1593 1889 1776 1928 fastiditus.

1036 1936 1124 1967 Ibid.
1172 1936 1325 1966 ‘Facta
1356 1938 1583 1966 transacta
1615 1934 1774 1976 omnia:

990 1980 1215 2013 Proverbiale
1229 1984 1281 2012 est
1295 1981 1330 2010 in
1348 1981 1383 2011 id
1402 1980 1538 2020 negotii,
1554 1981 1596 2010 de
1612 1989 1677 2019 quo
1690 1979 1776 2010 nihil

991 2027 1138 2068 supersit
1166 2025 1210 2056 ad
1232 2027 1411 2065 agendum.
1458 2026 1591 2055 Facta
1614 2028 1728 2055 autem
1756 2034 1777 2054 a

989 2072 1188 2111 Pamphilo,
1218 2074 1390 2102 transacta
1419 2071 1519 2101 etiam
1538 2080 1558 2100 a
1575 2065 1776 2100 Chremete.’

989 2116 1215 2148 DONATVS.
1232 2116 1310 2155 Vgl.
1327 2116 1476 2146 Cicero
1491 2116 1528 2145 in
1543 2114 1583 2144 L.
1604 2114 1703 2146 Catil.
1717 2115 1775 2145 111.

991 2164 1032 2203 6,
1052 2163 1105 2193 15.
1138 2162 1243 2200 Atque
1267 2161 1369 2200 illud,
1394 2160 1481 2200 quod
1493 2159 1688 2199 faciendum
1704 2160 1776 2198 pri·

989 2217 1073 2238 mum
1090 2206 1178 2247 finit,
1204 2206 1337 2246 factum
1365 2210 1459 2244 atque
1486 2209 1686 2236 transactum
1717 2209 1776 2235 est.

989 2253 1060 2284 und
1068 2253 1103 2282 in
1111 2253 1228 2291 Bezug
1242 2252 1302 2282 auf
1312 2252 1372 2282 das
1381 2251 1674 2282 Homoioteleuton
1688 2250 1777 2280 noch

991 2297 1143 2328 Cicero
1167 2297 1260 2327 amic.
1286 2299 1344 2335 21,
1372 2297 1426 2327 79.
1460 2301 1489 2326 et
1520 2295 1647 2334 quidem
1670 2295 1778 2325 omnia

985 2343 1167 2382 praeclara
1182 2351 1271 2372 rara.
1297 2342 1394 2372 Auch
1411 2342 1457 2371 im
1475 2341 1675 2379 Folgenden
1691 2339 1776 2370 wird

992 2388 1052 2418 der
1081 2387 1273 2426 Gegensatz
1305 2387 1475 2417 zwisehen
1505 2384 1678 2424 repudium·
1706 2384 1777 2415 und

991 2431 1096 2471 repeti
1118 2432 1205 2462 noch
1229 2431 1334 2462 durch
1352 2431 1406 2462 die
1422 2430 1657 2461 Allitteration
1674 2430 1778 2469 geho-

992 2477 1071 2508 ben.
1104 2476 1250 2507 Einfach
1274 2476 1320 2507 im
1343 2476 1430 2506 Eun.
1453 2477 1479 2507 I.
1499 2477 1536 2514 1,
1552 2477 1584 2506 4.
1617 2474 1777 2511 Exclusit,

991 2518 1131 2553 revocat.

1038 2568 1080 2598 V.
1105 2567 1158 2597 15.
1206 2566 1390 2605 Aliquid
1421 2565 1599 2596 monstri
1633 2566 1775 2595 alunt:

995 2622 1057 2644 ea:
1090 2612 1227 2652 Duplex
1249 2611 1454 2642 contumelia
1476 2615 1510 2641 et
1533 2610 1715 2640 monstri
1746 2613 1778 2638 et

992 2657 1173 2697 aliquid:
1190 2657 1301 2687 minus
1319 2657 1408 2687 enim
1427 2659 1516 2687 esset
1529 2654 1669 2693 aliquod
1682 2662 1776 2682 mon—

992 2709 1119 2734 strum:
1137 2703 1187 2733 sic
1204 2702 1289 2732 alibi
1307 2701 1399 2740 [Hoc.
1418 2702 1475 2731 IV.
1485 2698 1676 2739 4‚21(643)
1691 2693 1774 2738 sq.]:

995 2747 1079 2785 Quid
1098 2746 1232 2778 hominis
1261 2743 1472 2788 [mulieri-52]
1503 2753 1634 2773 umorem
1654 2741 1777 2772 habeo?

992 2793 1038 2823 Et
1060 2793 1208 2823 mutavit
1232 2800 1338 2830 genus
1361 2789 1504 2820 dicendo
1530 2797 1594 2826 ea,
1618 2787 1777 2826 quoniam

993 2838 1118 2868 semina
1143 2837 1206 2867 est.
1250 2837 1305 2867 Sic
1329 2836 1363 2865 in
1386 2834 1548 2864 Eunucho
1572 2832 1646 2872 [IV.
1672 2833 1711 2871 4,
1733 2833 1776 2863 2⁹

993 2881 1092 2920 (695)
1110 2879 1192 2920 sq.]:
1231 2880 1342 2916 Taces,
1366 2882 1536 2908 monstrum
1551 2876 1697 2916 hominis,
1713 2886 1777 2908 non

994 2926 1136 2957 dictum
1153 2923 1207 2955 ea?
1237 2923 1462 2955 DONATVS.
1494 2923 1533 2953 In
1551 2926 1696 2954 ersten-er
1710 2923 1776 2954 Be-

995 2971 1142 3009 ziehung
1172 2970 1220 3000 sei
1250 2969 1421 3006 bemerkt,
1451 2968 1529 2998 dass
1557 2968 1611 2998 ein
1641 2968 1776 2999 solches

996 3014 1361 3053 Genetivverhisstniss,
1378 3013 1442 3043 wie
1458 3013 1532 3044 hier
1547 3012 1676 3052 aliquid
1689 3022 1777 3044 mon-
