2008 3262
1165 145 1181 161 ⁸

802 287 976 318 ANDRIA
994 287 1033 318 P.
1054 286 1262 317 TERENTI.

579 622 771 667 ACTUS
797 622 962 665 PRIMI
990 619 1221 664 SCAENA
1242 618 1494 673 QUARTA.

966 755 1111 787 MYSIS.

245 865 260 890 1
286 848 461 903 Audiui,
481 846 680 902 Archilis,
701 847 787 888 iam
807 845 988 889 dudum:
1009 845 1212 888 Lesbiam
1231 844 1390 887 adduci
1408 843 1543 886 iubes.

285 916 400 960 Sane
419 915 492 972 pol
511 914 586 956 illa
605 914 881 957 temulentast
900 913 1053 956 mulier
1073 919 1116 955 et
1134 913 1363 955 temeraria

284 984 376 1026 Nec
395 983 498 1025 satis
517 982 661 1038 digna,
681 983 784 1038 quoi
804 982 1042 1048 committas
1062 982 1201 1037 primo
1221 985 1348 1036 partu
1367 977 1606 1020 mulierem:

1772 979 1856 1018 230

284 1051 449 1093 Tamen
470 1064 564 1092 eam
584 1049 825 1092 adducam?
865 1048 1227 1105 Inportunitatem
1247 1052 1434 1103 spectate
1456 1045 1670 1088 aniculae:

245 1134 262 1160 5
290 1118 406 1172 Quia
426 1117 666 1174 compotrix
686 1117 778 1159 eius
799 1122 873 1159 est.
913 1116 985 1171 Di,
1006 1115 1105 1157 date
1124 1114 1384 1168 facultatem,
1406 1113 1595 1167 6bse0r0‚

285 1185 402 1228 Huic
421 1184 622 1241 pariundi
642 1189 769 1240 atque
789 1183 853 1225 illi
872 1184 918 1225 in
938 1182 1033 1224 aliis
1053 1182 1196 1239 petius
1215 1180 1423 1238 peccandi
1442 1179 1595 1222 locum.

286 1252 371 1295 Sed
392 1252 597 1308 quidnam
616 1250 887 1306 Pamphilum
907 1250 1198 1292 examinatum
1216 1247 1372 1291 uideo?
1393 1261 1544 1290 uereor
1564 1246 1669 1304 quid
1690 1247 1780 1289 siet.

286 1318 510 1376 Opperiar,
530 1324 579 1360 ut
598 1318 732 1360 sciam
751 1317 1061 1374 numquidnam
1080 1316 1188 1359 haec
1205 1314 1333 1358 turba
1351 1314 1550 1357 tristitiae
1570 1314 1748 1357 adferat.
1775 1314 1856 1354 235

276 1433 430 1463 Erster
459 1432 555 1470 Act,
586 1431 727 1462 vierte
755 1431 886 1462 Scene
911 1428 1010 1471 [nach

230 1478 329 1507 Flec
340 1477 489 1507 keisen
506 1476 640 1506 zweiter
656 1476 730 1515 Act,
748 1476 864 1506 zweite
878 1472 1011 1515 Scene].

231 1523 352 1562 Mysis,
384 1522 526 1552 Sklavin
552 1521 611 1551 der
630 1520 843 1559 Glycerium,
867 1521 1011 1559 gesandt

232 1568 287 1597 die
317 1567 503 1597 Hebamme
536 1566 591 1596 bei
631 1565 691 1596 der
729 1565 1011 1595 herannahenden

230 1612 456 1642 Niederkunft
478 1612 570 1641 ihrer
593 1611 715 1641 Berrin
737 1610 1011 1647 herbeizuhohzn,

231 1658 374 1688 er6ffnet
390 1665 453 1686 uns
470 1657 581 1695 einige
597 1656 751 1686 Einsicht
768 1655 801 1685 in
819 1656 872 1686 die
889 1656 1012 1694 Umge-

231 1702 323 1741 bung
340 1701 399 1731 dex·
418 1701 620 1740 Glycerium.

278 1747 316 1776 V.
337 1747 366 1776 1.
407 1746 583 1784 Audivi,
601 1745 813 1783 Arabius,
838 1745 918 1775 iam
936 1745 1010 1774 du—

233 1777 337 1831 dum]
365 1792 474 1822 Wenn
491 1792 518 1820 B
529 1798 599 1821 ent
610 1792 620 1820 l
632 1800 678 1830 ey
694 1799 800 1829 gegen
819 1790 872 1821 die
885 1790 964 1820 Hes.
977 1799 1008 1820 u.

232 1837 264 1866 D
275 1839 427 1866 onatus
458 1835 564 1866 Audio
602 1838 644 1866 st.
676 1834 798 1865 Audivi
834 1834 1012 1865 schreiben

232 1881 365 1920 wollte‚
401 1881 490 1911 diess
524 1882 574 1910 als
610 1880 794 1911 stehenden
828 1880 1013 1919 Spraehge-

232 1926 359 1956 brauch
384 1925 596 1955 annehmend
619 1928 717 1956 unter
738 1925 934 1964 Beziehung
957 1925 1017 1955 auf

233 1971 313 2000 Hec.
330 1971 389 2000 111.
408 1972 438 2009 2,
458 1972 487 2000 1.
505 1980 536 2001 u.
553 1970 679 2000 Phorm.
696 1971 739 2000 11.
758 1972 787 2009 1,
807 1971 873 2008 59.,
897 1979 935 1999 so
954 1970 1013 1999 hat

232 2025 311 2045 man
328 2015 396 2045 ihm
414 2015 446 2044 in
465 2024 604 2046 neuerer
621 2015 696 2045 Zeit
711 2015 773 2045 mit
789 2015 896 2045 Recht
913 2015 1014 2053 keine

233 2060 340 2098 Folge
365 2060 535 2099 geleistet‚
565 2060 636 2098 vgl.
660 2060 842 2089 Plautus
860 2059 956 2089 Mero.
973 2059 1013 2090 V.

234 2105 264 2141 2,
281 2106 343 2134 112
359 2103 464 2142 (953).
493 2103 566 2134 Iam
582 2103 700 2134 dudum
716 2103 837 2134 audivi.
869 2103 1013 2134 Cicero

233 2149 347 2180 Aecus.
370 2149 429 2179 111.
456 2150 499 2179 20
511 2171 519 2187 ‚
549 2150 603 2180 50.
651 2148 839 2178 Audivimus
865 2149 922 2179 hoc
949 2148 1015 2178 iam

234 2192 301 2231 diu,
326 2192 455 2223 iudices.

281 2238 320 2267 V.
340 2239 370 2269 2.
401 2239 507 2269 Sane
529 2238 601 2276 pol
625 2238 709 2268 illa
731 2238 1015 2268 temulentast

235 2283 388 2313 mulier
421 2285 458 2313 et
490 2278 735 2321 temeraria]
776 2283 847 2312 Der
879 2284 1016 2312 {iussere

236 2327 479 2366 Redeanklang
518 2328 583 2357 soll
623 2327 696 2357 hier
735 2327 789 2357 die
827 2327 1016 2357 natiirliche

234 2372 342 2410 Folge
358 2372 415 2403 des
441 2373 536 2402 einen
553 2372 767 2403 Praedicates
785 2381 845 2402 aus
864 2373 938 2402 dem
956 2381 1014 2401 an-

238 2416 339 2446 deren
356 2417 535 2447 andeuten.

283 2461 365 2492 V.3.
381 2462 475 2499 quoi
491 2461 730 2491 committas
743 2461 876 2499 primo
891 2464 1016 2499 partu

238 2503 468 2545 mulierem]
494 2506 585 2535 Weil
599 2506 633 2535 in
647 2506 753 2536 einem
767 2506 905 2535 solchen
919 2506 1016 2536 Falle

237 2551 292 2581 die
321 2550 447 2581 Gefahr
471 2551 621 2589 gr6sser‚
646 2550 699 2580 die
727 2551 921 2589 Erfahrung
949 2559 1015 2580 von

239 2596 355 2628 Seiten
372 2596 432 2626 der
449 2595 611 2625 Kranken
628 2595 784 2634 geringer
800 2595 855 2624 ist.

283 2641 324 2671 V.
342 2642 374 2670 4.
399 2639 562 2670 ‘Tamen
579 2649 663 2670 eam
680 2639 899 2670 adducam:
917 2639 1017 2669 Redit

239 2686 282 2716 ad
298 2685 395 2723 illud,
414 2685 493 2724 quia
506 2684 542 2714 vi
561 2687 677 2714 coacta.
693 2681 763 2714 est!
793 2683 1016 2715 DONATUS.

239 2731 286 2761 Es
310 2730 456 2769 seheint,
485 2730 536 2760 als
560 2729 648 2760 habe
670 2730 864 2759 Donatus
888 2729 1017 2758 Bent-

240 2773 334 2814 ley’s
347 2775 588 2806 unstatthafter
594 2774 814 2812 Aenderung:
831 2776 936 2803 tamen
950 2782 1020 2803 eam

239 2819 369 2858 adduci,
386 2819 590 2850 verstanden
605 2818 701 2857 iubes,
726 2818 923 2857 vorbeugen
939 2819 1020 2848 wol-

242 2865 306 2894 len.
327 2866 434 2904 Mysis
448 2865 579 2904 spricht
591 2864 625 2894 in
640 2863 880 2903 abgerissenen
889 2863 1020 2902 Samen,

1078 1430 1142 1461 wie
1165 1439 1201 1460 es
1224 1430 1259 1459 in
1282 1428 1499 1467 dergleiehen
1514 1428 1718 1467 Monologen
1740 1435 1782 1457 zu
1804 1435 1860 1465 gc-

1078 1475 1224 1505 echehen
1252 1474 1366 1513 pflegt.
1417 1474 1472 1505 Sie
1500 1476 1627 1504 musste
1659 1471 1859 1511 gemm-chen,

1078 1520 1155 1550 weil
1176 1519 1325 1550 Archilis
1349 1518 1403 1548 die
1428 1519 1536 1548 §.ltere
1557 1517 1735 1555 Dienerin,
1765 1517 1859 1547 dess-

1078 1564 1159 1595 halb
1176 1563 1306 1594 anicula
1322 1563 1490 1602 sp6ttisch
1513 1565 1671 1602 genanut,
1694 1571 1776 1599 war,
1799 1561 1859 1591 der

1080 1610 1134 1640 die
1150 1609 1264 1648 Pflege
1282 1608 1341 1638 der
1355 1607 1550 1647 Glycerium
1568 1609 1764 1638 anvertrnut
1779 1614 1859 1645 war,

1079 1655 1114 1684 in
1135 1654 1281 1685 welcher
1300 1653 1460 1683 Hinsicht
1484 1662 1561 1683 man
1584 1652 1647 1682 mit
1670 1651 1780 1682 Recht
1802 1650 1863 1680 auf

1079 1699 1181 1730 Hier
1189 1708 1208 1729 ο
1218 1708 1240 1728 n
1248 1709 1270 1738 y
1278 1708 1310 1728 m
1319 1708 1341 1728 u
1349 1707 1365 1728 s
1381 1692 1860 1736 lib.11.epiot.eelect.[117.n.8.]

1077 1744 1262 1775 verwiesen
1275 1744 1345 1780 hat,
1356 1752 1408 1774 wo
1417 1743 1476 1773 der
1485 1741 1760 1774 Geschaftskreis
1769 1740 1862 1771 einer

1078 1789 1218 1820 solchen
1234 1788 1396 1819 Dienerin
1413 1788 1486 1818 also
1509 1786 1733 1818 beschrieben
1755 1784 1863 1816 wird:

1080 1833 1238 1864 Adsidere
1260 1834 1376 1864 lectulo
1388 1856 1396 1872 ,
1420 1832 1599 1863 obatetrices
1616 1831 1766 1862 adhibere
1787 1831 1861 1861 lan-

1078 1878 1197 1919 quenti,
1220 1881 1352 1916 portare
1368 1877 1530 1918 matulam,
1555 1876 1736 1916 calefacere
1751 1875 1861 1912 lintea,

1076 1923 1205 1962 plicare
1212 1922 1385 1962 fasciolas.

1126 1985 1167 2016 V.
1185 1985 1217 2016 5.
1257 1984 1366 2022 Quia
1389 1983 1634 2023 compotrix
1662 1982 1754 2013 eius
1779 1977 1859 2021 est]

1083 2030 1176 2060 Ganz
1188 2030 1313 2068 richtig
1326 2029 1357 2058 D
1369 2038 1388 2058 0
1397 2039 1418 2058 n
1427 2037 1446 2058 a
1453 2032 1466 2058 t
1474 2038 1495 2058 u
1503 2037 1518 2058 s
1527 2038 1535 2058 ε
1550 2026 1601 2057 ‘In
1612 2028 1700 2057 voltu
1709 2025 1863 2056 remansit

1082 2074 1192 2105 oratio.
1218 2074 1315 2104 Deest
1330 2072 1412 2102 enim
1423 2081 1485 2111 per
1492 2071 1636 2111 fiyuram
1652 2066 1862 2110 ἀποσιώπη-

1082 2126 1151 2149 σιντ
1176 2117 1267 2148 ideo
1290 2117 1411 2148 illam
1432 2126 1477 2146 vo
1489 2118 1518 2147 lt
1541 2113 1764 2146 arcessiri!
1796 2115 1863 2146 Die
1875 2151 1878 2153 ¹

1083 2163 1240 2194 fihnliche
1264 2163 1374 2192 Redef
1375 2171 1446 2191 orm
1470 2161 1556 2191 Eun.
1579 2162 1605 2191 Ι.
1632 2162 1663 2200 2,
1682 2161 1701 2190 9
1720 2155 1793 2202 (89)
1810 2168 1862 2201 sq.

1083 2208 1170 2238 Sane
1185 2207 1262 2246 quia
1277 2217 1351 2237 vero
1367 2207 1428 2236 hae
1443 2205 1521 2235 mihi
1531 2209 1646 2244 patent
1668 2214 1792 2244 semper
1805 2203 1864 2244 so-

1083 2262 1134 2283 res
1150 2252 1216 2282 Aut
1231 2251 1307 2291 quia
1324 2261 1391 2282 sum
1407 2250 1496 2290 apud
1510 2254 1539 2280 te
1550 2250 1686 2289 primus.

1129 2315 1169 2344 V.
1189 2314 1220 2345 7.
1260 2313 1340 2344 Sed
1370 2312 1572 2352 quidnam
1597 2311 1862 2350 Pamphilum

1085 2359 1372 2389 exanimatum
1397 2353 1566 2397 vide0?]
1603 2357 1634 2388 S.
1660 2357 1748 2388 oben
1773 2365 1815 2386 zu
1835 2357 1862 2386 Ι.

1085 2405 1115 2441 2,
1133 2405 1166 2435 3.

1130 2460 1171 2490 V.
1194 2461 1223 2490 8.
1264 2459 1569 2497 numquidnam
1599 2457 1705 2486 haec
1735 2455 1864 2486 turba.

1083 2504 1306 2535 tristitiae
1323 2499 1864 2540 adferatJSoLindenbrog

1082 2548 1364 2580 wahrscheinlich
1387 2547 1473 2576 nach
1490 2546 1571 2576 Cod.
1596 2546 1680 2584 Reg.
1705 2544 1774 2575 und
1791 2545 1864 2575 eine

1083 2595 1144 2624 Hs.
1173 2589 1390 2631 Bentley’s
1418 2601 1485 2621 von
1514 2594 1620 2621 erster
1646 2590 1763 2630 Hand,
1795 2589 1865 2619 und

1085 2638 1234 2669 dieselbe
1251 2638 1371 2668 Lesart
1389 2636 1471 2666 fand
1486 2635 1702 2673 Donatum
1728 2643 1767 2665 so
1786 2634 1864 2665 dass

1084 2693 1169 2714 nunc
1197 2681 1349 2721 quidnam
1377 2681 1436 2711 der
1461 2681 1616 2711 friiheren
1641 2680 1791 2719 Vulgata
1813 2679 1866 2710 als

1085 2728 1204 2758 blosse
1221 2726 1495 2765 Verschreibung
1512 2725 1692 2764 erschehat,
1717 2725 1788 2764 vgl.
1806 2732 1866 2754 un—

1086 2776 1143 2803 ten
1159 2773 1200 2803 11.
1221 2774 1252 2813 1,
1276 2773 1317 2803 25
1335 2770 1443 2811 (325).
1475 2770 1560 2801 Eun.
1576 2771 1619 2800 ΙΙ.
1644 2771 1675 2810 2,
1698 2770 1741 2800 41
1762 2767 1865 2808 (272).

1087 2818 1272 2848 Plautus
1294 2816 1389 2848 Acina
1403 2816 1444 2846 V.
1463 2817 1493 2853 1,
1512 2817 1531 2846 3
1549 2814 1654 2855 (830).
1685 2813 1806 2844 Bacch.
1823 2813 1864 2843 V.

1090 2864 1120 2903 1,
1140 2864 1181 2894 23
1200 2862 1328 2901 (1110).
