2008 3262
448 588 654 635 METRA
679 590 862 633 HVIVS
887 590 1168 633 FABVLAE
1195 589 1360 633 HAEC
1389 589 1540 633 SVNT
1588 593 1593 598 '

416 740 457 770 V.
518 741 535 769 1
553 739 597 769 ad
616 738 681 768 174
697 738 835 769 iambici
851 738 980 768 senarii

431 800 444 806 —
469 784 534 815 175
553 787 586 814 et
604 784 668 814 177
685 784 824 814 iambici
841 783 1009 814 octonarii

432 845 444 852 —
471 830 533 859 176
551 828 719 859 iambicus
737 828 973 867 quaternarius

429 890 442 896 —
468 875 532 905 178
550 878 585 904 et
603 874 666 905 179
685 873 849 904 trochaici
865 873 1053 912 septenarii

430 934 444 942 ·
472 919 536 949 180
553 918 596 948 ad
614 919 679 948 195
695 917 834 949 iambici
852 919 1016 948 octonarii

431 979 444 985 —
472 964 536 994 196
554 963 598 993 ad
617 964 681 994 198
698 963 836 994 iambici
852 964 979 994 senarii

430 1024 442 1031 -
469 1008 533 1039 199
551 1008 595 1038 ad
613 1009 679 1038 214
693 1007 833 1038 iambici
850 1009 1017 1039 octonarii

430 1069 444 1075 -
469 1053 537 1084 215
553 1053 597 1083 ad
614 1053 681 1083 224
697 1053 836 1083 iambici
854 1054 979 1084 senarii

0 1128 3 1130 .
431 1114 444 1120 -
470 1098 537 1129 225
553 1098 718 1129 iambicus
735 1101 934 1129 tetrameter
951 1099 1162 1129 acatalectus

0 1151 7 1206 ὲ
431 1159 444 1165 -
470 1144 536 1173 226
553 1142 719 1173 iambicus
734 1143 891 1173 senarius

0 1208 11 1224 (Α
431 1203 444 1210 —
468 1189 533 1219 227
551 1187 718 1218 iambicus
735 1189 928 1219 octonarius

0 1233 14 1290 f
432 1248 446 1255 ·
469 1233 536 1264 228
553 1233 596 1262 ad
614 1233 680 1263 233
697 1233 862 1264 trochaici
879 1234 1065 1272 septenarii

432 1293 445 1300 -
470 1279 536 1308 234
553 1278 596 1308 ad
613 1278 679 1308 239
695 1277 834 1308 iambici
850 1279 1014 1309 octonarii

432 1338 445 1345 -
470 1323 536 1353 240
553 1325 588 1352 et
603 1323 670 1353 244
686 1322 825 1354 iambici
842 1324 1052 1362 quaternarii

433 1384 446 1390 -
473 1368 536 1398 241
557 1371 591 1397 et
610 1368 675 1398 242
693 1368 856 1398 trochaici
876 1369 1063 1407 septenarii

433 1428 447 1434 -
471 1413 538 1443 243
554 1412 720 1445 iambicus
736 1414 929 1444 octonarius

433 1473 446 1480 ·
471 1458 536 1489 245
555 1460 589 1488 et
607 1458 673 1488 247
690 1458 853 1488 trochaici
869 1459 1039 1498 octonarii„

434 1518 446 1524 -
471 1504 537 1533 246
554 1503 748 1533 trochaicus
765 1503 910 1534 dimeter
926 1503 1146 1535 catalecticus

433 1563 446 1569 -
472 1549 538 1578 248
554 1547 598 1577 ad
613 1548 677 1578 251
697 1547 862 1578 trochaici
877 1549 1064 1588 septenarii

434 1607 448 1614 —
473 1593 538 1623 252
555 1592 722 1623 iambicus
741 1594 981 1632 quaternarius

434 1652 447 1658 —
473 1637 537 1668 253
555 1637 598 1667 ad
616 1638 682 1668 255
698 1637 837 1668 iambici
853 1639 1017 1669 octonarii

434 1698 446 1704 -
471 1682 534 1712 256
552 1682 595 1712 ad
612 1683 678 1713 260
695 1683 859 1714 trochaici
876 1684 1063 1722 septenarii

435 1741 448 1748 -
474 1728 537 1757 261
556 1727 600 1757 ad
617 1728 682 1758 269
696 1727 834 1758 iambici
852 1729 1018 1760 octonarii

434 1787 447 1793 -
473 1772 539 1803 270
555 1772 599 1802 ad
617 1773 682 1802 298
698 1772 837 1803 iambici
853 1774 980 1804 senarii

434 1831 447 1838 -
471 1816 536 1847 299
554 1820 588 1847 et
605 1818 672 1847 300
687 1817 825 1848 iambici
842 1819 1030 1857 septenarii

433 1876 446 1883 —
471 1861 536 1892 301
554 1865 588 1892 et
605 1862 671 1892 305
689 1865 722 1892 et
734 1862 799 1892 307
817 1863 979 1894 trochaici
998 1865 1162 1895 octonarii

434 1921 446 1927 -
472 1906 536 1937 302
555 1910 590 1936 et
607 1907 672 1937 306
690 1910 724 1937 et
741 1907 807 1938 308
829 1908 997 1939 trochaici
1015 1910 1200 1948 septenarii

432 1965 446 1971 —
471 1951 537 1982 303
557 1955 590 1982 et
610 1952 676 1982 304
701 1952 765 1982 309
787 1952 830 1982 ad
851 1953 916 1983 316
942 1954 1080 1984 iambici
1105 1955 1271 1985 octonarii

433 2011 445 2017 -
471 1996 536 2026 317
555 1997 758 2027 trochaicus⁴
768 1998 982 2036 septenarius

432 2056 445 2062 -
468 2041 534 2071 318
551 2041 720 2072 iambicus
738 2042 890 2073 senarius

434 2100 448 2107 ·
473 2086 538 2116 319
556 2086 599 2116 ad
617 2087 682 2117 383
700 2087 862 2118 trochaici
878 2089 1062 2127 septenarii

437 2145 449 2152 —
472 2131 539 2162 384
555 2131 599 2161 ad
617 2132 682 2162 393
699 2131 840 2162 iambici
855 2133 981 2163 senarii

433 2190 446 2196 —
471 2176 537 2206 394
554 2176 596 2206 ad
613 2177 680 2207 403
698 2177 836 2207 iambici
855 2179 1022 2208 octonarii

433 2235 446 2241 -
470 2221 538 2251 404
553 2221 596 2251 ad
613 2222 680 2252 480
697 2222 834 2252 iambici
851 2223 979 2253 senarii

432 2280 444 2286 ·
468 2265 532 2295 481
551 2265 596 2295 ad
612 2267 679 2296 484
706 2266 880 2297 bacchiaci
906 2269 1095 2298 tetrametri
1119 2268 1297 2300 acatalecti

432 2324 444 2331 —
470 2310 536 2340 485
552 2310 717 2341 iambicus
735 2311 878 2342 dimeter
894 2313 1112 2344 catalecticus

435 2369 446 2374 —
472 2355 538 2384 486
554 2354 722 2386 iambicus
738 2357 894 2387 senarius

433 2415 446 2421 ·
470 2400 536 2430 487
554 2399 598 2429 ad
614 2401 681 2430 496
698 2399 836 2431 iambici
853 2403 1018 2433 octonarii

432 2459 445 2465 -
469 2444 535 2474 497
553 2448 587 2475 et
603 2445 669 2476 498
686 2445 822 2476 iambici
838 2448 965 2477 senarii

433 2504 445 2510 -
470 2489 537 2519 499
554 2490 598 2520 ad
615 2491 682 2521 505
699 2490 838 2521 iambici
854 2493 1016 2523 octonarii

433 2548 446 2554 ·
471 2534 536 2564 506
553 2534 719 2565 iambicus
738 2537 950 2575 septenarius
1015 2534 1017 2536 ’

432 2593 445 2600 ·
470 2579 534 2609 507
550 2579 594 2610 ad
611 2580 676 2611 509
693 2580 834 2611 iambici
849 2582 1012 2612 octonarii

432 2637 446 2644 ·
469 2623 535 2653 510
551 2624 594 2654 ad
611 2625 678 2655 516
695 2626 858 2657 trochaici
875 2627 1061 2666 septenarii

434 2681 447 2687 —
471 2668 537 2698 517
553 2669 748 2701 trochaicus
767 2670 908 2702 dimeter
924 2673 1139 2710 catalecticus

434 2725 447 2732 ·
470 2711 536 2742 518
552 2712 596 2742 ad
613 2713 678 2743 523
695 2715 860 2746 trochaici
878 2718 1062 2755 septenarii

434 2770 447 2777 ·
470 2756 538 2786 524
555 2757 598 2787 ad
614 2758 680 2788 532
698 2758 835 2790 iambici
851 2762 979 2791 senarii

433 2815 446 2821 -
469 2800 535 2830 533
551 2800 595 2831 ad
612 2802 678 2832 536
695 2802 831 2833 iambici
847 2806 1012 2836 octonarii

434 2860 447 2867 ·
471 2845 537 2876 537
554 2846 720 2877 iambicus
736 2849 974 2886 quaternarius

434 2904 447 2911 —
470 2890 536 2920 538
553 2890 596 2920 ad
613 2890 679 2921 574
695 2891 833 2922 iambici
848 2894 973 2924 senarii

435 2949 449 2956 ·
474 2934 538 2966 575
557 2935 600 2965 ad
617 2936 680 2966 581
699 2936 836 2967 iambici
854 2938 1039 2977 septenarii

1509 2993 1541 3018 13
